3268 5002
674 320 895 383 „29-

196 521 299 583 ἐκεῖνα
327 515 375 580 ita
403 515 556 596 pendere,
586 520 624 580 ut
651 521 690 580 τὰ
712 518 864 602 λεγόμενα
889 515 1051 580 obiectum
1076 514 1128 581 sit.
1174 515 1315 581 Similem
1339 515 1373 580 in

196 624 324 688 modum
358 621 410 702 52,
448 623 463 685 1
498 621 734 686 Eratosthenis
766 638 884 686 nomen
917 621 950 687 in
986 621 1167 686 orationem
1197 621 1373 687 inducitur.

196 731 235 794 Τί
251 733 284 795 δὲ
300 727 531 814 Ἐρατοσθένης
551 729 583 794 ἐν
602 739 639 813 τῇ
660 729 821 815 Ἦριγὸνη;
846 728 1005 807 quomodo
1023 732 1132 793 autem
1149 746 1202 793 res
1220 729 1372 794 sehabet

195 855 267 900 cum
296 835 522 900 Eratosthene
549 834 583 898 in
611 833 785 918 Erigone?
829 835 922 899 Haec
951 833 1117 899 sententia
1145 841 1223 900 ante
1252 853 1372 915 paren-

195 941 353 1007 theticam
376 940 465 1005 illam
490 941 529 1006 de
553 959 618 1020 qua
643 959 744 1022 supra
768 940 907 1007 diximus
931 959 971 1006 ea
995 943 1035 1007 de
1060 958 1161 1006 causa
1180 940 1290 1022 posita
1310 945 1371 1021 est,

193 1037 282 1129 quod
313 1047 456 1128 scriptor
486 1047 663 1112 transitum
693 1049 736 1112 ad
766 1065 884 1113 novam
915 1067 983 1114 rem
1013 1048 1205 1114 viridiorem
1234 1048 1372 1114 reddere

194 1156 338 1235 volebat,
370 1173 440 1219 cum
473 1153 571 1218 etiam
596 1153 704 1218 dicere
727 1159 856 1234 posset:
893 1155 1135 1220 Eratosthenes
1152 1173 1247 1232 uero,
1279 1154 1372 1220 ouius

196 1260 344 1344 Erigone
360 1260 459 1350 plane
475 1258 556 1326 vitio
573 1265 676 1339 caret,
695 1278 765 1324 oum
782 1260 999 1326 Archilochus
1015 1261 1118 1325 multa
1135 1260 1242 1326 aliena
1254 1276 1372 1342 rapere

198 1385 306 1432 secum
324 1365 487 1448 rideatur,
508 1385 585 1431 num
604 1366 708 1432 maior
724 1366 920 1433 Archilocho
939 1373 1040 1449 poeta
1059 1370 1135 1434 est?
1164 1369 1243 1434 Cum
1263 1375 1373 1434 autem

197 1475 249 1555 34,
280 1472 476 1554 2411111111
505 1472 765 1538 enuntiationem
788 1473 974 1539 rhetoricae
999 1474 1254 1558 interrogationi
1277 1479 1372 1540 ante-

197 1581 365 1645 cedentem
396 1584 429 1644 et
460 1579 512 1661 52,
546 1581 562 1643 1
596 1579 794 1646 sententiam
824 1583 926 1647 verbo
957 1581 1086 1662 quidem
1117 1587 1284 1646 carentem
1315 1582 1372 1647 sed

195 1686 328 1752 facilem
359 1687 401 1751 ad
431 1685 659 1775 explicandum
690 1686 920 1768 invenerimus,
951 1687 1006 1752 illo
1038 1689 1109 1753 loco
1140 1707 1181 1752 ex
1212 1707 1274 1768 quo
1306 1688 1373 1754 orsi

197 1812 308 1860 sumus
333 1812 422 1858 mera
447 1793 589 1858 formula
613 1793 760 1858 subiecto
790 1795 971 1874 praemissa
995 1799 1046 1860 est
1070 1799 1104 1858 et
1127 1794 1304 1859 transitum
1330 1795 1372 1860 ad

195 1893 315 1967 noram
334 1919 401 1965 rem
422 1899 505 1965 lacit
525 1901 588 1982 (38,
611 1899 653 1963 28
672 1901 701 1965 τί
720 1904 753 1966 δὲ
773 1903 804 1966 αἱ
822 1913 883 1967 τῶν
903 1926 963 1985 ιιι,
983 1926 1031 1988 χρ.
1051 1927 1100 1987 πρ.
1121 1901 1211 1986 eqs.).
1246 1901 1372 1967 Eadem

196 2005 339 2071 formula
358 2011 474 2071 auctor
493 2007 545 2087 52,
567 2007 587 2070 4
606 2005 784 2072 transitum
803 2007 845 2072 ad
866 2012 969 2072 totam
989 2006 1248 2073 enuntiationem
1268 2007 1371 2074 inter-

198 2111 381 2196 rogativum
411 2110 504 2194 facit,
537 2113 580 2178 ad
610 2131 705 2193 quem
734 2113 841 2178 locum
868 2113 933 2179 iam
964 2115 1167 2180 accedamus,
1213 2114 1264 2180 lbi
1287 2117 1372 2180 enim

199 2219 279 2283 haec
305 2219 475 2302 leguntur:
514 2221 542 2285 τί
571 2218 616 2303 δ’;
648 2222 680 2285 ἐν
710 2221 816 2307 μέλεσι
850 2223 968 2307 μᾶλλον
999 2225 1036 2286 ἂν
1066 2220 1142 2286 εἶναι
1172 2223 1372 2309 Βακχυλίδης

197 2328 279 2390 ἕλοιο
302 2329 322 2411 ἢ
345 2327 505 2412 Πίνδαρος,
535 2330 588 2392 καί
613 2329 645 2393 ἐν
668 2329 825 2414 τραγῳδία
848 2326 922 2393 Ἴων
946 2330 962 2392 ὁ
985 2329 1063 2404 Χῖος
1085 2330 1106 2413 ἢ
1130 2333 1166 2414 νὴ
1191 2329 1248 2393 Δία
1271 2331 1371 2415 Σορο-

194 2434 288 2518 κλῆς;
323 2431 409 2513 Quid
438 2433 700 2514 respondendum
731 2432 775 2497 sit
803 2433 963 2497 incertum
994 2451 1058 2497 non
1089 2437 1149 2514 est,
1181 2452 1253 2498 oum
1278 2453 1371 2499 nemo

196 2537 376 2603 Pindarum
392 2539 584 2621 Bacchylidi
603 2538 656 2605 vel
675 2538 866 2619 Sophoclem
882 2539 955 2603 Ioni
974 2538 1143 2619 praeferre
1160 2539 1371 2605 dubitaturus

195 2644 247 2710 sit.
293 2645 415 2710 Verum
444 2663 639 2726 quamquam
669 2643 835 2710 rhetorica
862 2643 1082 2727 interrogatio
1107 2646 1285 2710 statuenda
1309 2654 1369 2726 est,

196 2757 305 2816 tamen
331 2753 373 2816 ab
397 2750 437 2816 iis
462 2751 571 2817 differt
590 2771 673 2832 quas
693 2752 800 2816 adhuc
820 2752 1034 2832 contemplati
1053 2769 1172 2816 sumus.
1207 2750 1291 2816 Nam
1307 2753 1371 2817 hoc

194 2856 266 2922 loco
291 2863 408 2922 auctor
428 2859 510 2924 duas
534 2877 588 2924 res
608 2857 702 2923 nobis
721 2857 877 2938 proponit
895 2857 984 2923 inter
1003 2877 1085 2939 ornas
1105 2858 1273 2941 eligamus,
1300 2878 1371 2924 cum

195 2964 343 3029 omnibus
362 2964 426 3029 illis
445 2963 525 3029 locis
545 2962 609 3030 nisi
628 2965 668 3028 de
684 2982 749 3028 una
765 2981 801 3028 re
817 2982 883 3028 non
900 2969 1029 3048 agatur.
1060 2963 1258 3030 Simillimam
1274 2964 1371 3032 huius

194 3070 487 3154 interrogationem
506 3070 704 3135 rhetoricam
724 3069 776 3147 51,
791 3071 840 3134 ’22
861 3071 1002 3150 exhibet,
1028 3071 1084 3135 ubi
1103 3077 1180 3152 post
1199 3090 1370 3153 compara-

194 3176 316 3242 tionem
331 3177 418 3242 inter
430 3178 607 3242 Homerum
624 3187 657 3242 et
668 3176 876 3258 Apollonium
893 3176 1167 3258 Theocritumque
1183 3178 1370 3245 institutam

194 3285 275 3348 haec
294 3283 512 3368 interrogatio
528 3283 562 3348 in
579 3283 683 3349 medio
700 3283 849 3364 ponitur:
875 3284 923 3370 ἂρ’
940 3283 992 3350 οὖν
1008 3283 1147 3371 Ὅμηρος
1163 3289 1200 3351 ἂν
1217 3289 1370 3373 pallori}

192 3389 400 3468 Ἀπολλώνιος
419 3393 542 3468 ἐθέλοις
560 3393 725 3477 γενέσθαι,
750 3389 899 3470 Denique
918 3389 982 3465 illis
998 3389 1314 3473 interrogationibus
1330 3413 1370 3458 ea

194 3496 292 3561 etiam
322 3498 520 3562 adnectatur
547 3515 632 3577 quae
660 3498 712 3578 43,
738 3497 758 3560 9
788 3499 913 3561 exstat:
947 3497 1007 3583 ἂρα
1036 3501 1072 3583 δὴ
1097 3500 1214 3576 τούτοις
1243 3501 1370 3585 μετρίως

194 3607 326 3691 ὤγιιιοσε
344 3611 399 3690 τὴν
418 3607 539 3690 νόησιν,
562 3607 582 3690 ἢ
603 3607 695 3690 ψιλὴν
714 3605 819 3689 λαβὼν
834 3609 889 3696 τὴν
905 3582 990 3682 λέξιν
1002 3606 1205 3692 ἐμελοποίησε
1221 3609 1369 3693 καθάπερ

194 3712 340 3797 ἁρμονίαν
363 3716 430 3778 τινὰ
452 3717 508 3797 τὴν
532 3713 569 3776 ἐκ
592 3724 645 3797 τῆς
669 3715 881 3797 περιφράσεως
905 3713 1124 3796 περιχεάμενος
1147 3713 1323 3798 εὐμίλειαν;

282 3818 376 3883 Inter
396 3815 581 3882 sententiae
600 3817 724 3900 figuras
744 3815 882 3896 quaein
901 3815 1135 3898 grammaticae
1155 3814 1280 3884 formae
1299 3838 1369 3884 mu-

193 3922 321 3988 tatione
344 3923 474 4004 positae
503 3928 581 3988 sunt
609 3923 708 3987 etiam
737 3941 776 3986 ea
800 3922 1003 3986 numeranda
1027 3926 1078 3987 est
1101 3941 1167 4003 qua
1190 3923 1218 3988 is
1243 3925 1298 4004 qui
1321 3926 1369 3992 lo-

193 4029 305 4109 quitur
332 4030 402 4110 ipse
432 4049 467 4095 se
495 4031 535 4095 de
563 4029 674 4109 aliqua
702 4047 738 4093 re
766 4028 952 4112 interrogat
981 4032 1015 4092 et
1038 4028 1152 4093 statim
1175 4048 1370 4111 responsum

193 4135 322 4201 subicit.
351 4138 444 4202 Haec
460 4137 567 4220 figura
583 4135 648 4220 (34,
666 4137 730 4215 24),
749 4134 801 4200 oui
818 4134 1080 4200 subiectionis
1096 4153 1214 4200 nomen
1231 4136 1370 4202 inditum

193 4247 254 4322 est,
279 4242 457 4308 identidem
480 4241 646 4323 reperitur
670 4246 704 4306 et
727 4261 747 4306 a
771 4240 932 4322 scriptore
951 4259 1072 4324 magna
1092 4246 1165 4306 arte
1185 4243 1317 4308 variata
1335 4247 1370 4307 et

191 4353 320 4413 mutata
345 4355 405 4416 est.
