3268 5002
656 315 876 378 ..51-

180 510 318 592 populos
346 510 532 592 intercedit,
567 529 607 576 ex
635 510 774 578 hominis
804 509 922 576 studiis
953 529 992 576 ac
1022 511 1173 577 doctrina
1204 511 1351 594 sumpsit.

179 618 297 698 Itaque
345 616 515 684 societatis
556 637 640 698 quae
681 617 768 683 inter
809 619 892 682 duas
934 615 1088 684 civitates
1129 623 1180 684 est
1222 619 1274 699 33,
1311 619 1353 686 23

179 725 306 790 dnobus
330 723 439 792 verbis
462 723 660 790 mentionem
684 723 776 790 facit.
814 726 866 790 Ad
891 725 1098 806 symmoriam
1121 763 1165 770 —
1189 724 1233 790 sit
1256 725 1354 793 venia

178 830 307 896 Graeco
332 830 492 898 vocabulo
516 869 559 878 -
583 833 669 910 quod
691 831 880 898 institutum
902 831 1042 897 Athenis
1066 830 1239 912 plurimum
1262 831 1353 898 vale-

178 939 246 1017 bat,
276 938 329 1016 36,
350 937 371 1002 5
399 937 757 1019 6161,2466161666.
810 939 953 1004 Mundus
978 939 1031 1020 55,
1058 938 1097 1002 11
1122 957 1244 1020 magna
1267 939 1352 1002 cele-

177 1043 287 1110 bratio
312 1044 507 1125 appellatur,
534 1063 605 1109 cum
629 1046 681 1126 68,
705 1047 744 1111 18
768 1044 846 1111 belli
869 1044 991 1110 mantio
1014 1045 1082 1110 fiat.

185 1199 187 1202 -
268 1151 370 1219 Nemo
400 1169 470 1216 meo
500 1152 628 1231 quidem
658 1150 777 1218 iudicio
806 1151 980 1217 mirabitur
1004 1153 1089 1232 quod
1113 1156 1230 1217 auctor
1255 1171 1354 1234 66666

178 1257 442 1339 comparationes
460 1263 508 1350 ¹et
539 1257 714 1340 allegorias
745 1279 765 1322 a
795 1257 1029 1324 certaminibus
1060 1258 1167 1339 sumit,
1200 1259 1353 1338 quoniam

178 1371 344 1432 certamen
369 1366 409 1432 de
433 1363 566 1430 summis
589 1363 621 1428 in
645 1363 767 1429 litteris
786 1365 966 1430 honoribus
986 1365 1117 1446 saepius
1137 1367 1179 1430 ab
1203 1385 1241 1430 eo
1265 1385 1352 1432 com-

177 1473 361 1538 mendatur.
409 1472 461 1554 26,
481 1472 525 1536 10
546 1477 579 1536 61
604 1471 713 1548 55,11
740 1476 906 1536 certamen
930 1490 1002 1537 cum
1024 1471 1196 1552 iudicibus,
1222 1478 1352 1554 specta·

178 1579 316 1658 toribus,
341 1579 482 1644 testibus
506 1577 601 1643 nobis
625 1583 702 1642 ante
727 1579 838 1644 oculos
862 1578 1004 1659 ponitur.
1043 1580 1171 1644 Recens
1195 1581 1352 1646 adversa-

178 1686 256 1764 rius,
288 1685 344 1766 qui
368 1704 439 1752 cum
462 1690 621 1752 veterano
645 1690 680 1750 61
704 1690 854 1766 66661616
879 1691 1015 1769 pugnat,
1046 1686 1098 1764 26,
1126 1687 1166 1750 17
1192 1685 1352 1766 66666611,

178 1791 272 1872 61166,
308 1790 603 1873 66166166666116
639 1791 802 1859 66616616
831 1792 965 1858 athletis
994 1792 1147 1874 vincitur,
1178 1792 1250 1874 ipse
1274 1813 1351 1860 vcro

179 1899 259 1966 artis
282 1899 452 1980 imperitos
475 1897 588 1977 vincit,
614 1897 670 1978 qui
693 1918 804 1966 omnes
828 1919 985 1981 superare
1010 1900 1121 1966 studet
1144 1918 1351 1980 requerere

179 2007 210 2072 id
232 2005 446 2086 consequitur
468 2007 521 2086 52,
549 2007 589 2070 14
614 2005 809 2072 ostenditur.
857 2007 907 2072 De
935 2006 1135 2074 currentium
1160 2006 1352 2087 corporibus

184 2113 227 2180 ito
253 2112 445 2180 constrictis
473 2118 509 2178 ut
539 2131 761 2178 6666666666
786 2111 916 2193 possint
940 2114 992 2194 37,
1018 2113 1183 2196 2661166.
1232 2115 1285 2192 66,
1310 2100 1357 2178 26

182 2220 320 2302 scriptor
334 2220 384 2284 -de
407 2219 560 2300 praemiis
578 2218 757 2301 propositis
773 2238 857 2299 quae
874 2219 1032 2286 victorem
1048 2226 1245 2301 exspectant
1261 2219 1351 2297 dicit,

180 2328 229 2404 51,
249 2329 289 2392 17
315 2329 362 2392 de·
380 2326 536 2408 'srrffragio
557 2328 736 2410 secundum
751 2327 838 2406 quod
854 2326 972 2406 aliquis
989 2326 1130 2408 principi
1145 2327 1216 2393 loco
1234 2327 1352 2410 dignus

178 2439 236 2499 est.
285 2433 454 2500 Victoriae
478 2452 556 2499 vero
580 2431 727 2514 praemia
751 2433 802 2514 26,
825 2435 877 2513 22,
903 2434 959 2499 ubi
981 2433 1081 2498 etiam
1105 2433 1145 2498 de
1169 2434 1263 2500 clade
1286 2454 1351 2500 non

176 2539 317 2623 ingloria
338 2540 469 2622 dicitur,
495 2545 529 2604 et
552 2540 604 2619 56,
627 2540 670 2603 24
695 2545 996 2605 commemorantur.
1034 2539 1146 2605 Etiam
1171 2540 1352 2606 bestiarum
1408 2535 1411 2542 ’

177 2667 261 2728 quae
290 2647 324 2712 in
355 2646 441 2714 ludis
472 2667 490 2712 6
520 2666 652 2712 6666666
683 2646 880 2712 emittuntur
909 2647 1029 2724 69,16
1059 2647 1257 2712 mentionem
1281 2647 1352 2712 deri

177 2773 278 2836 supra
302 2753 452 2822 vidimus.

265 2859 391 2943 Quibus
437 2859 738 2942 comparationibus
781 2867 815 2926 61
854 2860 1019 2942 allegoriis
1058 2881 1078 2926 a
1117 2861 1352 2928 certaminibus

177 2967 317 3049 sumptis
336 2967 443 3036 locum
459 2970 502 3050 (4,
521 2969 551 3049 1)
568 2967 782 3047 adnectimus
808 2967 863 3048 qui
888 2969 930 3032 ad
953 2973 1059 3033 artem
1083 2968 1253 3049 equitandi
1277 2987 1351 3049 per-

177 3075 270 3140 tinet.
316 3075 368 3140 Ibi
390 3079 507 3140 auctor
523 3074 674 3140 Platonis
698 3078 732 3138 et
746 3073 937 3140 Aristotelis
962 3074 1098 3142 dicterio
1123 3095 1202 3141 usus
1226 3075 1352 3157 magui-

179 3181 323 3248 tudinem
355 3200 455 3274 saepe
484 3188 521 3247 ut
552 3181 683 3247 stimulo
714 3180 763 3246 ita
788 3180 883 3246 freno
908 3200 1004 3263 egere
1029 3181 1116 3247 dicit.
1164 3181 1286 3249 Iamsi
1310 3183 1351 3246 ad

178 3289 272 3356 varia
292 3288 456 3356 hominum
473 3288 583 3354 studia
605 3286 793 3367 transimus,
820 3287 989 3353 fabrorum
1014 3287 1061 3353 illi
1086 3288 1172 3354 clavi
1196 3294 1273 3354 snut
1297 3288 1353 3368 qui

178 3397 230 3476 63,
248 3397 269 3460 9
292 3402 597 3461 commemorantur.
637 3395 774 3460 Duobus
796 3394 878 3460 locis
895 3394 1097 3475 sculptorum
1114 3413 1169 3458 ars
1185 3395 1350 3475 laudatur,

179 3503 301 3584 26,13,
327 3502 383 3567 661
405 3501 547 3568 imitatio
569 3520 762 3584 magnorum
786 3500 983 3582 scriptorum
1000 3511 1157 3581 expressa
1172 3501 1352 3567 formarum

179 3615 237 3676 aut
261 3607 444 3691 effigierum
473 3615 531 3674 661
556 3627 690 3690 operum
721 3609 929 3689 pulchrorum
953 3607 1129 3674 similitudo
1154 3609 1351 3690 appellatur,

179 3723 211 3780 et
235 3717 288 3794 44,
309 3716 337 3795 7,
363 3715 417 3795 qui
441 3715 532 3782 locus
552 3715 810 3800 magnitudinem
830 3719 956 3780 tractat
976 3715 1108 3795 quaein
1125 3715 1351 3796 pulcherrimis

181 3822 302 3888 statuis
322 3842 394 3888 cum
418 3822 491 3888 aliis
515 3823 695 3889 virtutibus
720 3822 919 3888 efflorescat.
959 3821 1022 3886 Hic
1046 3821 1144 3888 etiam
1168 3821 1231 3886 loci
1251 3842 1352 3903 supra

179 3929 318 3994 tractati
351 3931 414 4010 (45,
445 3931 475 4010 2)
508 3929 759 4010 66666166616666,
806 3929 861 4009 661
899 3930 938 3994 (16
976 3948 1076 4010 66666
1110 3929 1188 4011 agit.
1257 3928 1352 4010 Quod

179 4036 341 4117 picturam
366 4035 496 4117 attinet,
522 4037 552 4102 61
576 4037 777 4117 comparatio
803 4038 941 4102 debetur
964 4055 1048 4115 quae
1077 4036 1129 4113 34,
1156 4035 1197 4099 15
1230 4041 1350 4101 exstat.

179 4143 230 4209 lbi
254 4145 294 4208 de
318 4145 433 4208 umbra
456 4150 490 4207 et
514 4144 585 4208 luce
608 4144 642 4208 iu
668 4144 781 4208 eadem
806 4143 939 4206 tabulae
964 4142 1135 4223 superficie
1154 4141 1248 4207 iuxta
1263 4143 1351 4206 colo-

179 4250 269 4315 ribus
294 4249 460 4330 expressis
484 4249 603 4332 agitur,
638 4270 775 4330 6666666
806 4256 915 4314 tamen
946 4249 1027 4313 haec
1055 4249 1155 4314 multo
1181 4248 1272 4330 prius
1295 4248 1352 4314 illa

180 4357 282 4424 oculis
314 4361 467 4422 occurrat
497 4376 557 4422 nec
588 4357 690 4422 solum
720 4355 861 4421 emineat
886 4357 943 4421 scd
967 4357 1068 4422 multo
1093 4355 1193 4424 etiam
1216 4354 1351 4436 propior

1157 4477 1190 4531 4*
