3268 5002
764 341 981 405 ,34-

288 545 404 604 auctor
436 538 526 603 nulla
558 537 723 618 particula
755 535 869 602 utitur.
921 535 1016 618 Quod
1048 537 1158 598 autem
1191 533 1233 598 ad
1266 529 1484 598 sententiam

288 643 420 724 attinet,
452 643 534 708 haec
558 651 609 710 est
632 643 767 725 propria
791 642 1005 707 antithesium
1028 645 1151 705 natura
1175 645 1209 704 et
1232 637 1293 717 viS,
1318 642 1356 702 ut
1382 639 1485 702 duae

288 755 419 815 tanturn
442 768 495 815 res
520 750 707 816 contrariae
731 749 838 815 altera
862 748 959 814 alteri
983 745 1202 828 opponantur.
1250 746 1304 810 Ita
1327 743 1484 827 legimus

289 858 340 938 14,
367 858 408 920 14
439 862 566 944 οὐρανὸς
590 861 674 944 ᾅδης,
703 861 742 922 τὰ
766 859 868 943 θνητὰ
891 860 930 921 τὰ
954 857 1115 937 ἀθάνατα,
1147 855 1199 933 21,
1226 854 1245 918 3
1278 857 1334 937 ιὴν
1362 855 1484 938 ψυχὴν
1555 932 1560 939 ¹

287 969 321 1030 τὸ
338 977 438 1050 σῶμα,
455 969 509 1042 τὰς
528 968 625 1042 ἀκοὰς
644 969 699 1049 τὴν
716 966 872 1049 γλῶσσαν,
889 967 943 1040 τὰς
964 964 1047 1046 ὄψεις
1066 967 1121 1047 τὴν
1140 963 1253 1048 χρόαν,
1270 976 1482 1038 quamquam

287 1069 320 1134 in
363 1070 463 1135 tertio
500 1069 724 1151 oppositorum
757 1070 899 1133 membro
935 1067 1016 1132 nihil
1051 1066 1209 1132 contrarii
1243 1071 1310 1146 est,
1359 1065 1418 1146 21,
1459 1064 1483 1128 5

288 1175 435 1264 [Σαπφὼ]
461 1182 524 1263 ἅμα
548 1179 679 1262 ψύχεται
703 1177 821 1262 κᾴεται,
847 1177 1006 1261 &topaza
1028 1185 1141 1260 φρονεῖ.

375 1283 446 1347 Iam
471 1288 646 1362 antequam
672 1283 714 1346 ad
737 1300 891 1364 magnum
914 1299 1084 1346 numerum
1108 1277 1349 1344 sententiarum
1377 1275 1481 1342 inter

288 1407 323 1454 se
355 1388 580 1470 oppositarum
610 1389 815 1465 accedamus,
847 1387 962 1468 paucis
992 1387 1104 1453 verbis
1136 1403 1325 1452 moneamus
1358 1383 1394 1449 in
1435 1403 1480 1450 ea

287 1495 447 1560 antithesi
479 1514 544 1576 qua
577 1497 606 1572 1,
633 1496 651 1558 7
685 1499 797 1560 exstat
829 1513 895 1559 non
928 1493 1075 1576 singulas
1107 1495 1163 1558 sed
1192 1492 1288 1558 binas
1312 1491 1479 1557 notiones

286 1602 374 1666 inter
409 1620 444 1666 se
478 1601 608 1682 opponi,
643 1603 787 1687 δευτέρου
821 1606 855 1664 et
893 1603 975 1680 τάξει
1014 1600 1165 1665 notiones
1204 1601 1393 1685 κυριωτέρου
1440 1604 1479 1663 et

287 1711 412 1794 δυνάμει
436 1707 635 1773 notionibus,

377 1815 417 1878 In
449 1814 675 1895 disputatione
699 1818 808 1879 autem
833 1815 994 1894 quamde
1018 1813 1171 1894 oppisitis
1196 1811 1371 1878 sententiis
1401 1811 1476 1876 iam

287 1919 515 2002 suscipiamus,
549 1921 689 2001 primum
722 1921 762 1985 de
795 1939 908 1985 earum
941 1919 1117 2001 sententia,
1152 1919 1270 1985 deinde
1294 1919 1334 1983 de
1358 1919 1475 1984 forma

287 2047 432 2110 agamus
486 2026 630 2109 Quarum
659 2027 872 2092 antithesium
897 2027 962 2091 tria
986 2045 1109 2109 genera
1132 2026 1350 2092 discernenda
1374 2029 1473 2106 sunt,

287 2151 359 2197 cum
392 2132 496 2213 primo
531 2134 679 2216 singulae
712 2152 766 2198 res
799 2132 853 2199 vel
884 2132 1047 2210 notiones,
1083 2134 1186 2198 altero
1220 2132 1328 2212 binae,
1361 2131 1473 2196 tertio

286 2246 403 2304 ternae
425 2239 514 2304 iuter
538 2258 573 2304 se
598 2244 816 2320 opponantur.
866 2240 976 2319 Atque
1001 2258 1112 2305 eorum
1136 2257 1291 2323 generum
1316 2237 1473 2320 exempla

287 2345 399 2410 eodem
430 2345 544 2411 ordine
575 2346 793 2411 tractabimus
810 2364 885 2425 ¹quo
915 2346 1003 2426 apud
1028 2352 1196 2411 auctorem
1220 2352 1363 2410 exstant.
1411 2345 1473 2410 Ita

286 2453 316 2532 9,
336 2454 354 2515 7
374 2452 516 2518 virtutes
536 2460 669 2518 nostras
685 2452 779 2541 vitiis
796 2451 934 2534 opponit
951 2471 1071 2532 easque
1088 2472 1128 2517 ex
1142 2452 1258 2518 iisdem
1271 2452 1340 2517 fere
1354 2451 1470 2517 causis

287 2577 324 2622 ac
348 2559 491 2625 virtutes
514 2559 608 2625 nasci
632 2560 737 2625 solere
762 2547 849 2624 dicit.
897 2561 950 2641 21,
970 2562 998 2641 7,
1024 2559 1080 2623 ubi
1104 2561 1144 2624 de
1167 2578 1288 2641 magna
1312 2560 1470 2640 Sapphus

287 2671 358 2730 arte
395 2665 676 2746 opportunissima
711 2684 860 2747 quaeque
895 2665 1037 2749 eligendi
1072 2657 1105 2730 et
1140 2665 1173 2730 in
1208 2685 1307 2731 unum
1343 2683 1469 2748 corpus

286 2771 460 2853 colligendi
478 2771 634 2851 loquitur,
655 2772 712 2837 uni
731 2771 879 2837 adfectui
899 2791 1093 2838 concursum
1110 2771 1301 2838 adfectuum
1318 2767 1468 2860 opponit.

294 2877 298 2882 ’
360 2877 454 2942 .Oum
481 2877 522 2943 iis
550 2879 677 2944 duobus
706 2878 786 2944 locis
814 2877 964 2961 singulae
998 2878 1150 2944 notiones
1180 2878 1268 2943 inter
1298 2898 1333 2944 se
1364 2898 1468 2961 oppo-

285 2992 417 3064 nantur,
443 2983 540 3050 binae
559 2985 610 3051 his
630 2985 684 3065 qui
705 2990 894 3067 sequuntur.
921 2986 971 3066 15,
990 2987 1019 3067 3,
1045 2985 1085 3050 de
1105 3004 1167 3066 quo
1187 2986 1258 3050 loco
1278 2985 1468 3074 iamsupra

285 3090 419 3172 egimus,
456 3092 599 3172 scriptor
633 3091 713 3157 dicit
743 3092 921 3157 Homerum
955 3092 1102 3157 homines
1133 3091 1189 3171 qui
1219 3091 1355 3157 Troiani
1386 3091 1467 3156 belli

286 3201 397 3288 aetate
436 3196 563 3264 luerint
599 3198 634 3262 in
665 3200 742 3263 deos
774 3199 965 3279 mutavisse,
1001 3198 1107 3278 iisque
1138 3201 1216 3264 deos
1248 3218 1267 3262 a
1298 3206 1398 3284 poeta
1430 3201 1465 3265 in

285 3303 430 3369 homines
468 3309 613 3369 mutatos
651 3305 796 3385 opponit.
864 3305 916 3386 24,
954 3305 995 3368 22
1034 3305 1273 3372 Demosthenes
1311 3303 1465 3372 Ciceroni

285 3410 477 3490 opponitur,
502 3411 592 3475 illum
616 3415 733 3475 auctor
757 3411 837 3475 dicit
860 3411 894 3476 in
920 3411 1007 3476 edito
1033 3421 1066 3476 et
1091 3419 1270 3493 praerupto
1294 3412 1366 3477 loco
1386 3431 1463 3478 ver·-

285 3518 361 3598 sari,
387 3518 473 3582 hunc
497 3517 566 3581 lato
589 3516 720 3582 flumine
744 3517 881 3598 portari.
917 3518 1029 3582 Etiam
1054 3520 1106 3598 24,
1133 3518 1174 3581 23
1200 3518 1298 3583 alteri
1322 3520 1462 3584 alterum

285 3622 422 3704 opponit
442 3628 475 3687 et
492 3624 745 3688 Demosthenem
761 3643 832 3688 cum
850 3624 994 3705 fulmine,
1016 3624 1204 3689 Ciceronem
1221 3644 1292 3690 cum
1308 3625 1461 3691 incendio

283 3731 350 3795 late
380 3729 455 3795 fuso
485 3735 666 3811 comparat.
713 3731 763 3794 De
794 3730 909 3795 iisdem
937 3731 1017 3796 viris
1047 3750 1150 3814 agens
1174 3732 1459 3797 Demosthenicum

285 3835 544 3919 magnitudinem
562 3836 798 3903 Ciceronianae
813 3837 983 3902 latitudini
999 3837 1151 3918 opponit3
1181 3837 1228 3902 illi
1251 3838 1331 3903 dicit
1353 3840 1460 3904 locum

284 3943 388 4009 uideri
412 3961 485 4009 esse
509 3961 582 4007 cum
606 3944 704 4008 rebus
728 3943 778 4008 vis
803 3944 953 4008 addenda
978 3944 1022 4009 sit
1041 3951 1075 4010 et
1099 3949 1212 4010 orator
1231 3945 1338 4010 auimo
1362 3946 1460 4012 valde

284 4054 444 4115 commoto
468 4050 624 4130 loquatur
647 4054 705 4114 aut
730 4049 859 4115 omnino
883 4049 912 4115 is
936 4050 990 4130 qui
1016 4051 1131 4116 audiat
1154 4050 1380 4132 percellendus
1404 4052 1457 4129 sit,

283 4155 358 4222 huic
375 4157 547 4221 cumidem
564 4156 771 4222 multitudine
788 4175 895 4221 rerum
913 4158 1099 4222 obruendus
1113 4157 1165 4223 sit.
1190 4159 1241 4239 28,
1259 4159 1458 4224 brhetorica

283 4263 462 4343 phantasia
486 4263 635 4342 poeticae
660 4263 853 4344 opponitur3
880 4264 986 4329 altera
1009 4264 1106 4330 valde
1130 4265 1261 4330 diversa
1285 4267 1328 4330 ab
1352 4267 1458 4330 altera

284 4356 404 4434 dicitur
427 4387 509 4452 esse,
536 4388 606 4435 cum
631 4370 719 4434 aliud
742 4370 808 4449 illa,
835 4369 924 4434 aliud
948 4372 1029 4434 haec
1054 4371 1105 4436 sit.
1152 4371 1197 4435 Et
1222 4371 1334 4437 statim
1360 4374 1411 4454 28,
1437 4372 1456 4435 6
