<?xml version="1.0" encoding="UTF-8"?>
<!DOCTYPE html PUBLIC "-//W3C//DTD XHTML 1.0 Transitional//EN"
    "http://www.w3.org/TR/xhtml1/DTD/xhtml1-transitional.dtd">
<html xmlns="http://www.w3.org/1999/xhtml" xml:lang="en" lang="en">
 <head>
  <title>
</title>
<meta http-equiv="Content-Type" content="text/html;charset=utf-8" />
  <meta name='ocr-system' content='tesseract 3.04.00' />
  <meta name='ocr-capabilities' content='ocr_page ocr_carea ocr_par ocr_line ocrx_word'/>
</head>
<body>
  <div class='ocr_page' id='page_1' title='image "./deanonymiperihy00freygoog_0057.png"; bbox 0 0 3268 5002; ppageno 0'>
   <div class='ocr_carea' id='block_1_1' title="bbox 763 313 983 375">
    <p class='ocr_par' dir='ltr' id='par_1_1' title="bbox 763 313 983 375">
     <span class='ocr_line' id='line_1_1' title="bbox 763 313 983 375; baseline 0.005 -19"><span class='ocrx_word' id='word_1_1' title='bbox 763 313 983 375; x_wconf 61' lang='grc'>,52-</span> 
     </span>
    </p>
   </div>
   <div class='ocr_carea' id='block_1_2' title="bbox 232 505 1466 4440">
    <p class='ocr_par' dir='ltr' id='par_1_2' title="bbox 232 505 1466 3261">
     <span class='ocr_line' id='line_1_2' title="bbox 284 505 1465 590; baseline 0.002 -18"><span class='ocrx_word' id='word_1_2' title='bbox 284 527 356 572; x_wconf 85' lang='grc'><strong>0000</strong></span> <span class='ocrx_word' id='word_1_3' title='bbox 389 505 551 572; x_wconf 88' lang='lat' dir='ltr'>videatur.</span> <span class='ocrx_word' id='word_1_4' title='bbox 621 507 715 571; x_wconf 89' lang='lat' dir='ltr'>Duae</span> <span class='ocrx_word' id='word_1_5' title='bbox 749 507 1011 588; x_wconf 87' lang='lat' dir='ltr'>comparationes</span> <span class='ocrx_word' id='word_1_6' title='bbox 1045 528 1129 589; x_wconf 91' lang='lat' dir='ltr'>quae</span> <span class='ocrx_word' id='word_1_7' title='bbox 1162 510 1259 588; x_wconf 76' lang='lat'>23,3</span> <span class='ocrx_word' id='word_1_8' title='bbox 1293 514 1328 574; x_wconf 91' lang='lat' dir='ltr'>et</span> <span class='ocrx_word' id='word_1_9' title='bbox 1363 511 1418 590; x_wconf 82' lang='lat'>63,</span> <span class='ocrx_word' id='word_1_10' title='bbox 1445 512 1465 574; x_wconf 82' lang='lat'><strong>9</strong></span> 
     </span>
     <span class='ocr_line' id='line_1_3' title="bbox 285 613 1466 696; baseline 0.002 -18"><span class='ocrx_word' id='word_1_11' title='bbox 285 618 427 689; x_wconf 89' lang='lat' dir='ltr'>exstant,</span> <span class='ocrx_word' id='word_1_12' title='bbox 453 614 494 677; x_wconf 90' lang='lat' dir='ltr'>ab</span> <span class='ocrx_word' id='word_1_13' title='bbox 519 613 743 678; x_wconf 89' lang='lat' dir='ltr'>architectura</span> <span class='ocrx_word' id='word_1_14' title='bbox 767 615 886 679; x_wconf 88' lang='lat' dir='ltr'>ductae</span> <span class='ocrx_word' id='word_1_15' title='bbox 910 620 994 681; x_wconf 91' lang='lat' dir='ltr'>sunt.</span> <span class='ocrx_word' id='word_1_16' title='bbox 1050 617 1102 680; x_wconf 87' lang='lat' dir='ltr'>Ad</span> <span class='ocrx_word' id='word_1_17' title='bbox 1125 615 1306 681; x_wconf 76' lang='lat' dir='ltr'>medicinae</span> <span class='ocrx_word' id='word_1_18' title='bbox 1332 635 1466 696; x_wconf 83' lang='lat' dir='ltr'>qrroque</span> 
     </span>
     <span class='ocr_line' id='line_1_4' title="bbox 285 721 1466 802; baseline 0.002 -16"><span class='ocrx_word' id='word_1_19' title='bbox 285 725 390 786; x_wconf 90' lang='lat' dir='ltr'>artem</span> <span class='ocrx_word' id='word_1_20' title='bbox 418 724 535 785; x_wconf 81' lang='lat' dir='ltr'><strong>auctor</strong></span> <span class='ocrx_word' id='word_1_21' title='bbox 566 721 678 799; x_wconf 81' lang='lat'>32,15</span> <span class='ocrx_word' id='word_1_22' title='bbox 703 721 828 802; x_wconf 80' lang='lat' dir='ltr'>alludit,</span> <span class='ocrx_word' id='word_1_23' title='bbox 859 721 914 787; x_wconf 94' lang='lat' dir='ltr'>ubi</span> <span class='ocrx_word' id='word_1_24' title='bbox 938 721 1173 787; x_wconf 82' lang='lat' dir='ltr'>Demosthenes</span> <span class='ocrx_word' id='word_1_25' title='bbox 1197 721 1231 786; x_wconf 92' lang='lat' dir='ltr'>in</span> <span class='ocrx_word' id='word_1_26' title='bbox 1255 722 1466 788; x_wconf 88' lang='lat' dir='ltr'>audientium</span> 
     </span>
     <span class='ocr_line' id='line_1_5' title="bbox 285 825 1463 908; baseline 0.002 -16"><span class='ocrx_word' id='word_1_27' title='bbox 285 827 408 892; x_wconf 83' lang='lat' dir='ltr'>arrimos</span> <span class='ocrx_word' id='word_1_28' title='bbox 442 825 636 892; x_wconf 78' lang='lat' dir='ltr'>medicinam</span> <span class='ocrx_word' id='word_1_29' title='bbox 670 827 837 892; x_wconf 79' lang='lat' dir='ltr'>inmittere</span> <span class='ocrx_word' id='word_1_30' title='bbox 872 827 1001 894; x_wconf 88' lang='lat' dir='ltr'>dicitur.</span> <span class='ocrx_word' id='word_1_31' title='bbox 1081 829 1144 893; x_wconf 86' lang='lat' dir='ltr'>Ars</span> <span class='ocrx_word' id='word_1_32' title='bbox 1179 828 1302 894; x_wconf 90' lang='lat' dir='ltr'>musica</span> <span class='ocrx_word' id='word_1_33' title='bbox 1340 831 1395 908; x_wconf 83' lang='lat'>43,</span> <span class='ocrx_word' id='word_1_34' title='bbox 1424 831 1463 894; x_wconf 89' lang='grc'>11</span> 
     </span>
     <span class='ocr_line' id='line_1_6' title="bbox 284 933 1466 1016; baseline 0.001 -17"><span class='ocrx_word' id='word_1_35' title='bbox 284 934 431 1000; x_wconf 86' lang='lat' dir='ltr'>breuiter</span> <span class='ocrx_word' id='word_1_36' title='bbox 459 933 701 1016; x_wconf 76' lang='lat' dir='ltr'>perstringitur.</span> <span class='ocrx_word' id='word_1_37' title='bbox 749 935 801 1015; x_wconf 81' lang='lat'>42,</span> <span class='ocrx_word' id='word_1_38' title='bbox 825 935 866 998; x_wconf 79' lang='lat'>23</span> <span class='ocrx_word' id='word_1_39' title='bbox 891 940 1049 1000; x_wconf 86' lang='lat' dir='ltr'>narratur</span> <span class='ocrx_word' id='word_1_40' title='bbox 1076 937 1235 1014; x_wconf 83' lang='lat' dir='ltr'>‹promodo</span> <span class='ocrx_word' id='word_1_41' title='bbox 1265 935 1299 1000; x_wconf 91' lang='lat' dir='ltr'>in</span> <span class='ocrx_word' id='word_1_42' title='bbox 1329 935 1466 1001; x_wconf 90' lang='lat' dir='ltr'>musicis</span> 
     </span>
     <span class='ocr_line' id='line_1_7' title="bbox 284 1039 1466 1122; baseline 0.003 -17"><span class='ocrx_word' id='word_1_43' title='bbox 284 1040 355 1105; x_wconf 90' lang='lat' dir='ltr'>soni</span> <span class='ocrx_word' id='word_1_44' title='bbox 395 1039 543 1121; x_wconf 89' lang='lat' dir='ltr'>primarii</span> <span class='ocrx_word' id='word_1_45' title='bbox 581 1039 653 1104; x_wconf 87' lang='lat' dir='ltr'>aliis</span> <span class='ocrx_word' id='word_1_46' title='bbox 692 1041 872 1122; x_wconf 85' lang='lat' dir='ltr'>adsumptis</span> <span class='ocrx_word' id='word_1_47' title='bbox 910 1041 1078 1108; x_wconf 85' lang='lat' dir='ltr'>suaviores</span> <span class='ocrx_word' id='word_1_48' title='bbox 1110 1043 1200 1108; x_wconf 90' lang='lat' dir='ltr'>fiant.</span> <span class='ocrx_word' id='word_1_49' title='bbox 1256 1043 1321 1108; x_wconf 91' lang='lat' dir='ltr'>Hic</span> <span class='ocrx_word' id='word_1_50' title='bbox 1363 1043 1466 1108; x_wconf 89' lang='lat' dir='ltr'>etiam</span> 
     </span>
     <span class='ocr_line' id='line_1_8' title="bbox 285 1146 1465 1230; baseline 0.002 -18"><span class='ocrx_word' id='word_1_51' title='bbox 285 1146 403 1228; x_wconf 88' lang='lat' dir='ltr'>capitis</span> <span class='ocrx_word' id='word_1_52' title='bbox 439 1147 481 1212; x_wconf 87' lang='lat'>39</span> <span class='ocrx_word' id='word_1_53' title='bbox 515 1147 620 1212; x_wconf 91' lang='lat' dir='ltr'>locum</span> <span class='ocrx_word' id='word_1_54' title='bbox 653 1167 945 1229; x_wconf 89' lang='lat' dir='ltr'>commemoremus,</span> <span class='ocrx_word' id='word_1_55' title='bbox 984 1148 1039 1228; x_wconf 85' lang='lat' dir='ltr'>qui</span> <span class='ocrx_word' id='word_1_56' title='bbox 1072 1149 1201 1229; x_wconf 79' lang='lat' dir='ltr'>qriidem</span> <span class='ocrx_word' id='word_1_57' title='bbox 1233 1168 1293 1214; x_wconf 90' lang='lat' dir='ltr'>nec</span> <span class='ocrx_word' id='word_1_58' title='bbox 1328 1169 1465 1230; x_wconf 91' lang='lat' dir='ltr'>compa-</span> 
     </span>
     <span class='ocr_line' id='line_1_9' title="bbox 284 1253 1465 1338; baseline 0.003 -20"><span class='ocrx_word' id='word_1_59' title='bbox 284 1255 445 1319; x_wconf 91' lang='lat' dir='ltr'>rationem</span> <span class='ocrx_word' id='word_1_60' title='bbox 480 1272 586 1333; x_wconf 83' lang='lat' dir='ltr'>neque</span> <span class='ocrx_word' id='word_1_61' title='bbox 622 1253 811 1337; x_wconf 82' lang='lat' dir='ltr'>allegoriam</span> <span class='ocrx_word' id='word_1_62' title='bbox 846 1255 1004 1336; x_wconf 82' lang='lat' dir='ltr'>continet,</span> <span class='ocrx_word' id='word_1_63' title='bbox 1041 1257 1096 1320; x_wconf 88' lang='lat' dir='ltr'>sed</span> <span class='ocrx_word' id='word_1_64' title='bbox 1132 1257 1175 1320; x_wconf 91' lang='lat' dir='ltr'>ad</span> <span class='ocrx_word' id='word_1_65' title='bbox 1208 1275 1364 1338; x_wconf 89' lang='lat' dir='ltr'>magnam</span> <span class='ocrx_word' id='word_1_66' title='bbox 1399 1255 1465 1322; x_wconf 88' lang='lat' dir='ltr'>vim</span> 
     </span>
     <span class='ocr_line' id='line_1_10' title="bbox 285 1359 1465 1428; baseline 0 -2"><span class='ocrx_word' id='word_1_67' title='bbox 285 1359 442 1426; x_wconf 88' lang='lat' dir='ltr'>orationis</span> <span class='ocrx_word' id='word_1_68' title='bbox 459 1379 667 1425; x_wconf 90' lang='lat' dir='ltr'>numerorum</span> <span class='ocrx_word' id='word_1_69' title='bbox 684 1364 918 1428; x_wconf 89' lang='lat' dir='ltr'>ostendendam</span> <span class='ocrx_word' id='word_1_70' title='bbox 934 1361 1045 1428; x_wconf 88' lang='lat' dir='ltr'>seruit.</span> <span class='ocrx_word' id='word_1_71' title='bbox 1081 1362 1133 1427; x_wconf 87' lang='lat' dir='ltr'>lbi</span> <span class='ocrx_word' id='word_1_72' title='bbox 1149 1361 1234 1426; x_wconf 90' lang='lat' dir='ltr'>enirn</span> <span class='ocrx_word' id='word_1_73' title='bbox 1249 1363 1465 1428; x_wconf 86' lang='lat' dir='ltr'>vehementes</span> 
     </span>
     <span class='ocr_line' id='line_1_11' title="bbox 286 1466 1465 1535; baseline 0.001 -3"><span class='ocrx_word' id='word_1_74' title='bbox 286 1466 440 1532; x_wconf 87' lang='lat' dir='ltr'>adfectus</span> <span class='ocrx_word' id='word_1_75' title='bbox 473 1467 556 1532; x_wconf 92' lang='lat' dir='ltr'>tibia</span> <span class='ocrx_word' id='word_1_76' title='bbox 589 1467 728 1532; x_wconf 86' lang='lat' dir='ltr'>excitari</span> <span class='ocrx_word' id='word_1_77' title='bbox 759 1475 792 1533; x_wconf 91' lang='grc'>01</span> <span class='ocrx_word' id='word_1_78' title='bbox 823 1469 995 1535; x_wconf 87' lang='lat' dir='ltr'>audientes</span> <span class='ocrx_word' id='word_1_79' title='bbox 1024 1470 1123 1535; x_wconf 89' lang='lat' dir='ltr'>velut</span> <span class='ocrx_word' id='word_1_80' title='bbox 1147 1471 1187 1534; x_wconf 92' lang='lat' dir='ltr'>de</span> <span class='ocrx_word' id='word_1_81' title='bbox 1219 1474 1309 1534; x_wconf 91' lang='lat' dir='ltr'>statu</span> <span class='ocrx_word' id='word_1_82' title='bbox 1342 1469 1465 1535; x_wconf 91' lang='lat' dir='ltr'>deiecti</span> 
     </span>
     <span class='ocr_line' id='line_1_12' title="bbox 284 1573 1465 1658; baseline 0.003 -20"><span class='ocrx_word' id='word_1_83' title='bbox 284 1574 396 1639; x_wconf 86' lang='lat' dir='ltr'>furore</span> <span class='ocrx_word' id='word_1_84' title='bbox 429 1573 549 1654; x_wconf 91' lang='lat' dir='ltr'>repleri</span> <span class='ocrx_word' id='word_1_85' title='bbox 579 1579 688 1654; x_wconf 88' lang='lat' dir='ltr'>atque,</span> <span class='ocrx_word' id='word_1_86' title='bbox 721 1594 793 1640; x_wconf 91' lang='lat' dir='ltr'>cum</span> <span class='ocrx_word' id='word_1_87' title='bbox 824 1594 935 1641; x_wconf 91' lang='lat' dir='ltr'>eorum</span> <span class='ocrx_word' id='word_1_88' title='bbox 967 1575 1081 1640; x_wconf 91' lang='lat' dir='ltr'>animis</span> <span class='ocrx_word' id='word_1_89' title='bbox 1104 1595 1258 1640; x_wconf 89' lang='lat' dir='ltr'>numerus</span> <span class='ocrx_word' id='word_1_90' title='bbox 1282 1577 1465 1658; x_wconf 91' lang='lat' dir='ltr'>impressus</span> 
     </span>
     <span class='ocr_line' id='line_1_13' title="bbox 284 1680 1464 1764; baseline 0.003 -20"><span class='ocrx_word' id='word_1_91' title='bbox 284 1681 336 1761; x_wconf 89' lang='lat' dir='ltr'>sit,</span> <span class='ocrx_word' id='word_1_92' title='bbox 368 1680 430 1761; x_wconf 90' lang='lat' dir='ltr'>ipsi</span> <span class='ocrx_word' id='word_1_93' title='bbox 461 1681 695 1746; x_wconf 90' lang='lat' dir='ltr'>adnumerum</span> <span class='ocrx_word' id='word_1_94' title='bbox 719 1681 767 1746; x_wconf 89' lang='lat' dir='ltr'>ire</span> <span class='ocrx_word' id='word_1_95' title='bbox 791 1687 825 1746; x_wconf 92' lang='lat' dir='ltr'>et</span> <span class='ocrx_word' id='word_1_96' title='bbox 849 1686 981 1747; x_wconf 91' lang='lat' dir='ltr'>cantum</span> <span class='ocrx_word' id='word_1_97' title='bbox 1006 1701 1119 1764; x_wconf 88' lang='lat' dir='ltr'>gressu</span> <span class='ocrx_word' id='word_1_98' title='bbox 1142 1681 1265 1747; x_wconf 91' lang='lat' dir='ltr'>imitari</span> <span class='ocrx_word' id='word_1_99' title='bbox 1295 1683 1464 1750; x_wconf 89' lang='lat' dir='ltr'>dicuntur.</span> 
     </span>
     <span class='ocr_line' id='line_1_14' title="bbox 283 1787 1462 1870; baseline 0 -16"><span class='ocrx_word' id='word_1_100' title='bbox 283 1787 396 1854; x_wconf 82' lang='lat' dir='ltr'>Etiam</span> <span class='ocrx_word' id='word_1_101' title='bbox 427 1787 575 1853; x_wconf 83' lang='lat' dir='ltr'>citharae</span> <span class='ocrx_word' id='word_1_102' title='bbox 606 1807 757 1853; x_wconf 91' lang='lat' dir='ltr'>sonorum</span> <span class='ocrx_word' id='word_1_103' title='bbox 782 1789 956 1868; x_wconf 86' lang='lat' dir='ltr'>uarietate,</span> <span class='ocrx_word' id='word_1_104' title='bbox 990 1795 1104 1854; x_wconf 89' lang='lat' dir='ltr'>mutua</span> <span class='ocrx_word' id='word_1_105' title='bbox 1134 1789 1232 1855; x_wconf 84' lang='lat' dir='ltr'>lidum</span> <span class='ocrx_word' id='word_1_106' title='bbox 1261 1790 1462 1870; x_wconf 85' lang='lat' dir='ltr'>pulsatione,</span> 
     </span>
     <span class='ocr_line' id='line_1_15' title="bbox 285 1893 1464 1975; baseline 0 -15"><span class='ocrx_word' id='word_1_107' title='bbox 285 1901 447 1960; x_wconf 90' lang='lat' dir='ltr'>concentu</span> <span class='ocrx_word' id='word_1_108' title='bbox 479 1893 675 1960; x_wconf 86' lang='lat' dir='ltr'>multiformi</span> <span class='ocrx_word' id='word_1_109' title='bbox 705 1897 760 1975; x_wconf 90' lang='lat' dir='ltr'>qui</span> <span class='ocrx_word' id='word_1_110' title='bbox 790 1915 862 1961; x_wconf 92' lang='lat' dir='ltr'>eam</span> <span class='ocrx_word' id='word_1_111' title='bbox 892 1897 1031 1962; x_wconf 90' lang='lat' dir='ltr'>audiant</span> <span class='ocrx_word' id='word_1_112' title='bbox 1053 1896 1134 1961; x_wconf 93' lang='lat' dir='ltr'>mire</span> <span class='ocrx_word' id='word_1_113' title='bbox 1158 1896 1318 1961; x_wconf 89' lang='lat' dir='ltr'>oblectari</span> <span class='ocrx_word' id='word_1_114' title='bbox 1344 1903 1464 1963; x_wconf 91' lang='lat' dir='ltr'>auctor</span> 
     </span>
     <span class='ocr_line' id='line_1_16' title="bbox 284 2001 1463 2082; baseline -0.003 -13"><span class='ocrx_word' id='word_1_115' title='bbox 284 2002 372 2069; x_wconf 89' lang='lat' dir='ltr'>dicit.</span> <span class='ocrx_word' id='word_1_116' title='bbox 410 2001 560 2082; x_wconf 91' lang='lat' dir='ltr'>Denique</span> <span class='ocrx_word' id='word_1_117' title='bbox 584 2003 673 2082; x_wconf 69' lang='grc'>601</span> <span class='ocrx_word' id='word_1_118' title='bbox 700 2002 819 2067; x_wconf 91' lang='lat' dir='ltr'>odariis</span> <span class='ocrx_word' id='word_1_119' title='bbox 843 2003 989 2068; x_wconf 91' lang='lat' dir='ltr'>homines</span> <span class='ocrx_word' id='word_1_120' title='bbox 1014 2024 1033 2067; x_wconf 93' lang='lat' dir='ltr'>a</span> <span class='ocrx_word' id='word_1_121' title='bbox 1057 2023 1092 2068; x_wconf 93' lang='lat' dir='ltr'>re</span> <span class='ocrx_word' id='word_1_122' title='bbox 1117 2003 1265 2068; x_wconf 89' lang='lat' dir='ltr'>abstrahi</span> <span class='ocrx_word' id='word_1_123' title='bbox 1289 2002 1463 2068; x_wconf 78' lang='lat' dir='ltr'>contendit</span> 
     </span>
     <span class='ocr_line' id='line_1_17' title="bbox 283 2108 1463 2189; baseline -0.001 -15"><span class='ocrx_word' id='word_1_124' title='bbox 283 2127 402 2188; x_wconf 89' lang='lat' dir='ltr'>eosque</span> <span class='ocrx_word' id='word_1_125' title='bbox 442 2108 535 2173; x_wconf 91' lang='lat' dir='ltr'>nobis</span> <span class='ocrx_word' id='word_1_126' title='bbox 577 2115 655 2173; x_wconf 88' lang='lat' dir='ltr'>ante</span> <span class='ocrx_word' id='word_1_127' title='bbox 693 2109 803 2174; x_wconf 90' lang='lat' dir='ltr'>oculos</span> <span class='ocrx_word' id='word_1_128' title='bbox 845 2109 939 2189; x_wconf 90' lang='lat' dir='ltr'>ponit</span> <span class='ocrx_word' id='word_1_129' title='bbox 976 2109 1032 2189; x_wconf 89' lang='lat' dir='ltr'>qni</span> <span class='ocrx_word' id='word_1_130' title='bbox 1067 2109 1099 2174; x_wconf 91' lang='lat' dir='ltr'>in</span> <span class='ocrx_word' id='word_1_131' title='bbox 1135 2110 1233 2176; x_wconf 93' lang='lat' dir='ltr'>choro</span> <span class='ocrx_word' id='word_1_132' title='bbox 1272 2109 1463 2175; x_wconf 90' lang='lat' dir='ltr'>odariorum</span> 
     </span>
     <span class='ocr_line' id='line_1_18' title="bbox 284 2215 1462 2299; baseline -0.001 -18"><span class='ocrx_word' id='word_1_133' title='bbox 284 2235 452 2281; x_wconf 91' lang='lat' dir='ltr'>numerum</span> <span class='ocrx_word' id='word_1_134' title='bbox 485 2220 563 2282; x_wconf 90' lang='lat' dir='ltr'>ante</span> <span class='ocrx_word' id='word_1_135' title='bbox 595 2215 691 2280; x_wconf 93' lang='lat' dir='ltr'>finem</span> <span class='ocrx_word' id='word_1_136' title='bbox 726 2216 942 2299; x_wconf 84' lang='lat' dir='ltr'>cognoverint</span> <span class='ocrx_word' id='word_1_137' title='bbox 975 2235 1111 2296; x_wconf 89' lang='lat' dir='ltr'>eumque</span> <span class='ocrx_word' id='word_1_138' title='bbox 1144 2217 1280 2297; x_wconf 91' lang='lat' dir='ltr'>pedibus</span> <span class='ocrx_word' id='word_1_139' title='bbox 1313 2218 1462 2298; x_wconf 90' lang='lat' dir='ltr'>plodant.</span> 
     </span>
     <span class='ocr_line' id='line_1_19' title="bbox 283 2321 1462 2406; baseline 0.002 -20"><span class='ocrx_word' id='word_1_140' title='bbox 283 2325 393 2403; x_wconf 88' lang='lat' dir='ltr'>Atque</span> <span class='ocrx_word' id='word_1_141' title='bbox 421 2328 458 2388; x_wconf 93' lang='lat' dir='ltr'>ut</span> <span class='ocrx_word' id='word_1_142' title='bbox 487 2322 619 2386; x_wconf 91' lang='lat' dir='ltr'>tandem</span> <span class='ocrx_word' id='word_1_143' title='bbox 648 2321 824 2403; x_wconf 89' lang='lat' dir='ltr'>aliquando</span> <span class='ocrx_word' id='word_1_144' title='bbox 853 2323 948 2389; x_wconf 88' lang='lat' dir='ltr'>huius</span> <span class='ocrx_word' id='word_1_145' title='bbox 973 2323 1255 2405; x_wconf 84' lang='lat' dir='ltr'>comparationum</span> <span class='ocrx_word' id='word_1_146' title='bbox 1278 2329 1312 2388; x_wconf 92' lang='lat' dir='ltr'>et</span> <span class='ocrx_word' id='word_1_147' title='bbox 1338 2324 1462 2406; x_wconf 90' lang='lat' dir='ltr'>allego-</span> 
     </span>
     <span class='ocr_line' id='line_1_20' title="bbox 283 2427 1463 2510; baseline 0 -16"><span class='ocrx_word' id='word_1_148' title='bbox 283 2430 407 2494; x_wconf 85' lang='lat' dir='ltr'>riarum</span> <span class='ocrx_word' id='word_1_149' title='bbox 441 2427 697 2495; x_wconf 87' lang='lat' dir='ltr'>enumerationis</span> <span class='ocrx_word' id='word_1_150' title='bbox 730 2429 802 2494; x_wconf 92' lang='lat' dir='ltr'>finis</span> <span class='ocrx_word' id='word_1_151' title='bbox 835 2431 902 2510; x_wconf 90' lang='lat' dir='ltr'>fiat,</span> <span class='ocrx_word' id='word_1_152' title='bbox 938 2431 1000 2496; x_wconf 90' lang='lat' dir='ltr'>duc</span> <span class='ocrx_word' id='word_1_153' title='bbox 1035 2430 1134 2495; x_wconf 90' lang='lat' dir='ltr'>etiam</span> <span class='ocrx_word' id='word_1_154' title='bbox 1167 2429 1230 2495; x_wconf 92' lang='lat' dir='ltr'>loci</span> <span class='ocrx_word' id='word_1_155' title='bbox 1264 2431 1463 2496; x_wconf 81' lang='lat' dir='ltr'>adferantur</span> 
     </span>
     <span class='ocr_line' id='line_1_21' title="bbox 232 2526 1462 2621; baseline -0.001 -19"><span class='ocrx_word' id='word_1_156' title='bbox 232 2526 235 2534; x_wconf 70' lang='grc'><strong>’</strong></span> <span class='ocrx_word' id='word_1_157' title='bbox 283 2536 338 2618; x_wconf 88' lang='lat' dir='ltr'>qui</span> <span class='ocrx_word' id='word_1_158' title='bbox 362 2538 404 2601; x_wconf 91' lang='lat' dir='ltr'>ad</span> <span class='ocrx_word' id='word_1_159' title='bbox 434 2536 556 2617; x_wconf 90' lang='lat' dir='ltr'>poesim</span> <span class='ocrx_word' id='word_1_160' title='bbox 586 2541 748 2617; x_wconf 90' lang='lat' dir='ltr'>spectant,</span> <span class='ocrx_word' id='word_1_161' title='bbox 784 2537 870 2602; x_wconf 89' lang='lat' dir='ltr'>alter</span> <span class='ocrx_word' id='word_1_162' title='bbox 900 2539 941 2602; x_wconf 90' lang='lat' dir='ltr'>ad</span> <span class='ocrx_word' id='word_1_163' title='bbox 973 2537 1166 2618; x_wconf 84' lang='lat' dir='ltr'>comoedias,</span> <span class='ocrx_word' id='word_1_164' title='bbox 1199 2539 1240 2603; x_wconf 92' lang='lat' dir='ltr'>ad</span> <span class='ocrx_word' id='word_1_165' title='bbox 1269 2537 1462 2621; x_wconf 86' lang='lat' dir='ltr'>tragoedias</span> 
     </span>
     <span class='ocr_line' id='line_1_22' title="bbox 284 2643 1462 2728; baseline -0.001 -19"><span class='ocrx_word' id='word_1_166' title='bbox 284 2644 377 2710; x_wconf 89' lang='lat' dir='ltr'>alter.</span> <span class='ocrx_word' id='word_1_167' title='bbox 423 2643 515 2709; x_wconf 84' lang='lat' dir='ltr'>lllius</span> <span class='ocrx_word' id='word_1_168' title='bbox 539 2643 624 2708; x_wconf 90' lang='lat' dir='ltr'>enim</span> <span class='ocrx_word' id='word_1_169' title='bbox 655 2644 751 2722; x_wconf 88' lang='grc'><strong>18,16</strong></span> <span class='ocrx_word' id='word_1_170' title='bbox 775 2644 897 2709; x_wconf 92' lang='lat' dir='ltr'>mentio</span> <span class='ocrx_word' id='word_1_171' title='bbox 921 2645 968 2725; x_wconf 83' lang='lat' dir='ltr'>iit,</span> <span class='ocrx_word' id='word_1_172' title='bbox 1002 2645 1058 2709; x_wconf 92' lang='lat' dir='ltr'>ubi</span> <span class='ocrx_word' id='word_1_173' title='bbox 1081 2664 1121 2709; x_wconf 89' lang='lat' dir='ltr'>ea</span> <span class='ocrx_word' id='word_1_174' title='bbox 1145 2644 1285 2726; x_wconf 90' lang='lat' dir='ltr'>quaein</span> <span class='ocrx_word' id='word_1_175' title='bbox 1312 2646 1462 2728; x_wconf 77' lang='lat' dir='ltr'>Odyssea</span> 
     </span>
     <span class='ocr_line' id='line_1_23' title="bbox 283 2750 1462 2818; baseline -0.003 -1"><span class='ocrx_word' id='word_1_176' title='bbox 283 2753 323 2817; x_wconf 93' lang='lat' dir='ltr'>de</span> <span class='ocrx_word' id='word_1_177' title='bbox 356 2751 493 2816; x_wconf 89' lang='lat' dir='ltr'>aedibus</span> <span class='ocrx_word' id='word_1_178' title='bbox 524 2750 630 2815; x_wconf 82' lang='lat' dir='ltr'>Ulixis</span> <span class='ocrx_word' id='word_1_179' title='bbox 664 2757 845 2816; x_wconf 91' lang='lat' dir='ltr'>narrantur</span> <span class='ocrx_word' id='word_1_180' title='bbox 878 2770 950 2816; x_wconf 90' lang='lat' dir='ltr'>cum</span> <span class='ocrx_word' id='word_1_181' title='bbox 984 2750 1151 2816; x_wconf 90' lang='lat' dir='ltr'>comoedia</span> <span class='ocrx_word' id='word_1_182' title='bbox 1180 2750 1269 2818; x_wconf 88' lang='lat' dir='ltr'>uitae</span> <span class='ocrx_word' id='word_1_183' title='bbox 1301 2771 1396 2817; x_wconf 92' lang='lat' dir='ltr'>usum</span> <span class='ocrx_word' id='word_1_184' title='bbox 1430 2755 1462 2814; x_wconf 92' lang='lat' dir='ltr'>et</span> 
     </span>
     <span class='ocr_line' id='line_1_24' title="bbox 282 2857 1461 2940; baseline -0.001 -18"><span class='ocrx_word' id='word_1_185' title='bbox 282 2877 388 2923; x_wconf 89' lang='lat' dir='ltr'>mores</span> <span class='ocrx_word' id='word_1_186' title='bbox 411 2857 565 2923; x_wconf 89' lang='lat' dir='ltr'>imitante</span> <span class='ocrx_word' id='word_1_187' title='bbox 591 2865 835 2940; x_wconf 86' lang='lat' dir='ltr'>comparantur,</span> <span class='ocrx_word' id='word_1_188' title='bbox 862 2878 934 2924; x_wconf 92' lang='lat' dir='ltr'>cum</span> <span class='ocrx_word' id='word_1_189' title='bbox 958 2858 1010 2937; x_wconf 86' lang='lat'>30,</span> <span class='ocrx_word' id='word_1_190' title='bbox 1030 2859 1070 2921; x_wconf 88' lang='grc'>16</span> <span class='ocrx_word' id='word_1_191' title='bbox 1095 2857 1216 2940; x_wconf 89' lang='lat' dir='ltr'>tragici</span> <span class='ocrx_word' id='word_1_192' title='bbox 1240 2866 1360 2939; x_wconf 87' lang='lat' dir='ltr'>poetae</span> <span class='ocrx_word' id='word_1_193' title='bbox 1378 2878 1461 2924; x_wconf 92' lang='lat' dir='ltr'>com-</span> 
     </span>
     <span class='ocr_line' id='line_1_25' title="bbox 284 2964 1461 3046; baseline -0.003 -16"><span class='ocrx_word' id='word_1_194' title='bbox 284 2971 516 3042; x_wconf 91' lang='lat' dir='ltr'>memorentur,</span> <span class='ocrx_word' id='word_1_195' title='bbox 534 2964 590 3044; x_wconf 84' lang='lat' dir='ltr'>qui</span> <span class='ocrx_word' id='word_1_196' title='bbox 605 2964 709 3029; x_wconf 86' lang='lat' dir='ltr'>furias</span> <span class='ocrx_word' id='word_1_197' title='bbox 725 2965 862 3030; x_wconf 86' lang='lat' dir='ltr'>videant</span> <span class='ocrx_word' id='word_1_198' title='bbox 878 2969 912 3030; x_wconf 90' lang='grc'>01</span> <span class='ocrx_word' id='word_1_199' title='bbox 931 2984 1088 3046; x_wconf 89' lang='lat' dir='ltr'>personas</span> <span class='ocrx_word' id='word_1_200' title='bbox 1105 2964 1209 3030; x_wconf 87' lang='lat' dir='ltr'>furias</span> <span class='ocrx_word' id='word_1_201' title='bbox 1220 2964 1461 3045; x_wconf 87' lang='lat' dir='ltr'>conspicientes</span> 
     </span>
     <span class='ocr_line' id='line_1_26' title="bbox 282 3071 1461 3154; baseline -0.002 -18"><span class='ocrx_word' id='word_1_202' title='bbox 282 3072 316 3136; x_wconf 92' lang='lat' dir='ltr'>in</span> <span class='ocrx_word' id='word_1_203' title='bbox 341 3071 522 3154; x_wconf 89' lang='lat' dir='ltr'>tragoediis</span> <span class='ocrx_word' id='word_1_204' title='bbox 545 3071 712 3137; x_wconf 91' lang='lat' dir='ltr'>inducant.</span> <span class='ocrx_word' id='word_1_205' title='bbox 760 3073 902 3137; x_wconf 82' lang='lat' dir='ltr'>Tantum</span> <span class='ocrx_word' id='word_1_206' title='bbox 927 3073 967 3137; x_wconf 95' lang='lat' dir='ltr'>de</span> <span class='ocrx_word' id='word_1_207' title='bbox 991 3072 1136 3136; x_wconf 82' lang='lat' dir='ltr'>fontibus</span> <span class='ocrx_word' id='word_1_208' title='bbox 1161 3071 1319 3151; x_wconf 91' lang='lat' dir='ltr'>equibus</span> <span class='ocrx_word' id='word_1_209' title='bbox 1344 3078 1461 3139; x_wconf 89' lang='lat' dir='ltr'>auctor</span> 
     </span>
     <span class='ocr_line' id='line_1_27' title="bbox 283 3178 1243 3261; baseline 0.001 -18"><span class='ocrx_word' id='word_1_210' title='bbox 283 3178 565 3260; x_wconf 85' lang='lat' dir='ltr'>comparationum</span> <span class='ocrx_word' id='word_1_211' title='bbox 590 3184 623 3243; x_wconf 90' lang='lat' dir='ltr'>et</span> <span class='ocrx_word' id='word_1_212' title='bbox 647 3178 878 3261; x_wconf 87' lang='lat' dir='ltr'>allegoriarum</span> <span class='ocrx_word' id='word_1_213' title='bbox 901 3178 1073 3243; x_wconf 89' lang='lat' dir='ltr'>materiam</span> <span class='ocrx_word' id='word_1_214' title='bbox 1097 3178 1243 3259; x_wconf 90' lang='lat' dir='ltr'>sumpsit.</span> 
     </span>
    </p>

    <p class='ocr_par' dir='ltr' id='par_1_3' title="bbox 281 3284 1460 4440">
     <span class='ocr_line' id='line_1_28' title="bbox 371 3284 1460 3366; baseline -0.001 -17"><span class='ocrx_word' id='word_1_215' title='bbox 371 3287 441 3350; x_wconf 91' lang='lat' dir='ltr'>Iam</span> <span class='ocrx_word' id='word_1_216' title='bbox 465 3285 507 3350; x_wconf 89' lang='lat' dir='ltr'>ad</span> <span class='ocrx_word' id='word_1_217' title='bbox 532 3284 669 3351; x_wconf 88' lang='lat' dir='ltr'>formam</span> <span class='ocrx_word' id='word_1_218' title='bbox 694 3285 975 3366; x_wconf 91' lang='lat' dir='ltr'>comparationum</span> <span class='ocrx_word' id='word_1_219' title='bbox 1006 3285 1291 3366; x_wconf 91' lang='lat' dir='ltr'>contemplandam</span> <span class='ocrx_word' id='word_1_220' title='bbox 1322 3287 1460 3351; x_wconf 89' lang='lat' dir='ltr'>acceda-</span> 
     </span>
     <span class='ocr_line' id='line_1_29' title="bbox 282 3391 1459 3475; baseline -0.003 -18"><span class='ocrx_word' id='word_1_221' title='bbox 282 3412 362 3458; x_wconf 91' lang='lat' dir='ltr'>mus.</span> <span class='ocrx_word' id='word_1_222' title='bbox 409 3393 488 3457; x_wconf 78' lang='lat' dir='ltr'>Cum</span> <span class='ocrx_word' id='word_1_223' title='bbox 519 3398 628 3458; x_wconf 90' lang='lat' dir='ltr'>autem</span> <span class='ocrx_word' id='word_1_224' title='bbox 660 3393 729 3458; x_wconf 90' lang='lat' dir='ltr'>eius</span> <span class='ocrx_word' id='word_1_225' title='bbox 760 3393 886 3475; x_wconf 86' lang='lat' dir='ltr'>figurae</span> <span class='ocrx_word' id='word_1_226' title='bbox 909 3432 952 3438; x_wconf 80' lang='lat'>-</span> <span class='ocrx_word' id='word_1_227' title='bbox 980 3412 1056 3456; x_wconf 92' lang='lat' dir='ltr'>nam</span> <span class='ocrx_word' id='word_1_228' title='bbox 1085 3413 1104 3456; x_wconf 90' lang='lat' dir='ltr'>a</span> <span class='ocrx_word' id='word_1_229' title='bbox 1133 3391 1297 3472; x_wconf 90' lang='lat' dir='ltr'>plerisque</span> <span class='ocrx_word' id='word_1_230' title='bbox 1328 3409 1459 3472; x_wconf 90' lang='lat' dir='ltr'>compa-</span> 
     </span>
     <span class='ocr_line' id='line_1_30' title="bbox 283 3499 1458 3583; baseline -0.002 -19"><span class='ocrx_word' id='word_1_231' title='bbox 283 3500 431 3565; x_wconf 90' lang='lat' dir='ltr'>rationes</span> <span class='ocrx_word' id='word_1_232' title='bbox 464 3500 497 3564; x_wconf 93' lang='lat' dir='ltr'>in</span> <span class='ocrx_word' id='word_1_233' title='bbox 528 3500 642 3583; x_wconf 87' lang='lat' dir='ltr'>figuris</span> <span class='ocrx_word' id='word_1_234' title='bbox 672 3506 890 3565; x_wconf 90' lang='lat' dir='ltr'>numerantur</span> <span class='ocrx_word' id='word_1_235' title='bbox 912 3501 1038 3564; x_wconf 92' lang='lat' dir='ltr'>—duo</span> <span class='ocrx_word' id='word_1_236' title='bbox 1064 3517 1186 3582; x_wconf 88' lang='lat' dir='ltr'>genera</span> <span class='ocrx_word' id='word_1_237' title='bbox 1214 3499 1290 3578; x_wconf 89' lang='lat' dir='ltr'>sint,</span> <span class='ocrx_word' id='word_1_238' title='bbox 1321 3501 1458 3564; x_wconf 91' lang='lat' dir='ltr'>alterum</span> 
     </span>
     <span class='ocr_line' id='line_1_31' title="bbox 284 3606 1459 3687; baseline -0.005 -15"><span class='ocrx_word' id='word_1_239' title='bbox 284 3627 397 3672; x_wconf 91' lang='lat' dir='ltr'>earum</span> <span class='ocrx_word' id='word_1_240' title='bbox 429 3625 514 3687; x_wconf 84' lang='lat' dir='ltr'>quae</span> <span class='ocrx_word' id='word_1_241' title='bbox 547 3625 587 3672; x_wconf 84' lang='lat' dir='ltr'>ex</span> <span class='ocrx_word' id='word_1_242' title='bbox 621 3608 747 3672; x_wconf 90' lang='lat' dir='ltr'>duobus</span> <span class='ocrx_word' id='word_1_243' title='bbox 780 3607 933 3672; x_wconf 91' lang='lat' dir='ltr'>membris</span> <span class='ocrx_word' id='word_1_244' title='bbox 967 3606 1126 3686; x_wconf 86' lang='lat' dir='ltr'>perfectis</span> <span class='ocrx_word' id='word_1_245' title='bbox 1160 3612 1193 3670; x_wconf 92' lang='lat' dir='ltr'>et</span> <span class='ocrx_word' id='word_1_246' title='bbox 1218 3606 1389 3685; x_wconf 89' lang='lat' dir='ltr'>absolutis,</span> <span class='ocrx_word' id='word_1_247' title='bbox 1420 3621 1459 3667; x_wconf 86' lang='grc'>01</span> 
     </span>
     <span class='ocr_line' id='line_1_32' title="bbox 284 3713 1457 3796; baseline -0.006 -17"><span class='ocrx_word' id='word_1_248' title='bbox 284 3713 414 3796; x_wconf 89' lang='lat' dir='ltr'>protasi</span> <span class='ocrx_word' id='word_1_249' title='bbox 437 3719 471 3778; x_wconf 91' lang='grc'>01</span> <span class='ocrx_word' id='word_1_250' title='bbox 496 3714 632 3794; x_wconf 89' lang='lat' dir='ltr'>apodosi</span> <span class='ocrx_word' id='word_1_251' title='bbox 657 3715 853 3792; x_wconf 90' lang='lat' dir='ltr'>consistunt,</span> <span class='ocrx_word' id='word_1_252' title='bbox 884 3714 1023 3778; x_wconf 89' lang='lat' dir='ltr'>alterum</span> <span class='ocrx_word' id='word_1_253' title='bbox 1048 3732 1159 3779; x_wconf 91' lang='lat' dir='ltr'>earum</span> <span class='ocrx_word' id='word_1_254' title='bbox 1183 3732 1267 3793; x_wconf 85' lang='lat' dir='ltr'>quae</span> <span class='ocrx_word' id='word_1_255' title='bbox 1291 3713 1457 3779; x_wconf 90' lang='lat' dir='ltr'>breviores</span> 
     </span>
     <span class='ocr_line' id='line_1_33' title="bbox 283 3819 1457 3902; baseline -0.005 -13"><span class='ocrx_word' id='word_1_256' title='bbox 283 3829 361 3888; x_wconf 80' lang='lat' dir='ltr'>srmt</span> <span class='ocrx_word' id='word_1_257' title='bbox 386 3825 419 3886; x_wconf 92' lang='lat' dir='ltr'>et</span> <span class='ocrx_word' id='word_1_258' title='bbox 443 3820 571 3902; x_wconf 89' lang='lat' dir='ltr'>protasi</span> <span class='ocrx_word' id='word_1_259' title='bbox 595 3821 746 3901; x_wconf 86' lang='lat' dir='ltr'>perfecta</span> <span class='ocrx_word' id='word_1_260' title='bbox 770 3827 895 3899; x_wconf 89' lang='lat' dir='ltr'>carent,</span> <span class='ocrx_word' id='word_1_261' title='bbox 921 3819 1059 3901; x_wconf 90' lang='lat' dir='ltr'>primum</span> <span class='ocrx_word' id='word_1_262' title='bbox 1075 3821 1191 3885; x_wconf 93' lang='lat' dir='ltr'>harum</span> <span class='ocrx_word' id='word_1_263' title='bbox 1207 3820 1355 3887; x_wconf 90' lang='lat' dir='ltr'>brevium</span> <span class='ocrx_word' id='word_1_264' title='bbox 1372 3837 1457 3884; x_wconf 90' lang='lat' dir='ltr'>com·</span> 
     </span>
     <span class='ocr_line' id='line_1_34' title="bbox 283 3927 1456 4011; baseline -0.009 -17"><span class='ocrx_word' id='word_1_265' title='bbox 283 3928 494 4011; x_wconf 90' lang='lat' dir='ltr'>parationum</span> <span class='ocrx_word' id='word_1_266' title='bbox 510 3927 788 3993; x_wconf 90' lang='lat' dir='ltr'>enumerationem</span> <span class='ocrx_word' id='word_1_267' title='bbox 806 3927 975 3992; x_wconf 84' lang='lat' dir='ltr'>faciamus.</span> <span class='ocrx_word' id='word_1_268' title='bbox 1015 3929 1064 3990; x_wconf 84' lang='lat' dir='ltr'>Ac</span> <span class='ocrx_word' id='word_1_269' title='bbox 1081 3927 1184 4007; x_wconf 89' lang='lat' dir='ltr'>primo</span> <span class='ocrx_word' id='word_1_270' title='bbox 1201 3927 1331 4006; x_wconf 92' lang='lat' dir='ltr'>quidem</span> <span class='ocrx_word' id='word_1_271' title='bbox 1347 3942 1456 3991; x_wconf 90' lang='lat' dir='ltr'>earum</span> 
     </span>
     <span class='ocr_line' id='line_1_35' title="bbox 283 4033 1455 4120; baseline -0.008 -19"><span class='ocrx_word' id='word_1_272' title='bbox 283 4055 402 4120; x_wconf 89' lang='lat' dir='ltr'>genere</span> <span class='ocrx_word' id='word_1_273' title='bbox 428 4049 501 4100; x_wconf 82' lang='lat' dir='ltr'>¹eae</span> <span class='ocrx_word' id='word_1_274' title='bbox 539 4034 803 4115; x_wconf 89' lang='lat' dir='ltr'>comparationes</span> <span class='ocrx_word' id='word_1_275' title='bbox 842 4036 959 4099; x_wconf 88' lang='lat' dir='ltr'>breves</span> <span class='ocrx_word' id='word_1_276' title='bbox 998 4033 1212 4099; x_wconf 92' lang='lat' dir='ltr'>continentur</span> <span class='ocrx_word' id='word_1_277' title='bbox 1244 4034 1362 4115; x_wconf 92' lang='lat' dir='ltr'>quibus</span> <span class='ocrx_word' id='word_1_278' title='bbox 1395 4033 1455 4096; x_wconf 92' lang='lat' dir='ltr'>duo</span> 
     </span>
     <span class='ocr_line' id='line_1_36' title="bbox 282 4136 1455 4225; baseline -0.009 -18"><span class='ocrx_word' id='word_1_279' title='bbox 282 4143 440 4225; x_wconf 91' lang='lat' dir='ltr'>subiecta,</span> <span class='ocrx_word' id='word_1_280' title='bbox 476 4161 612 4223; x_wconf 89' lang='lat' dir='ltr'>quorum</span> <span class='ocrx_word' id='word_1_281' title='bbox 647 4143 689 4207; x_wconf 92' lang='lat' dir='ltr'>ad</span> <span class='ocrx_word' id='word_1_282' title='bbox 721 4145 895 4222; x_wconf 90' lang='lat' dir='ltr'>utrumque</span> <span class='ocrx_word' id='word_1_283' title='bbox 924 4143 1059 4208; x_wconf 91' lang='lat' dir='ltr'>verbum</span> <span class='ocrx_word' id='word_1_284' title='bbox 1092 4140 1301 4207; x_wconf 86' lang='lat' dir='ltr'>referendum</span> <span class='ocrx_word' id='word_1_285' title='bbox 1329 4146 1378 4206; x_wconf 91' lang='grc'>001</span> <span class='ocrx_word' id='word_1_286' title='bbox 1409 4136 1455 4200; x_wconf 90' lang='grc'>110</span> 
     </span>
     <span class='ocr_line' id='line_1_37' title="bbox 281 4243 1455 4330; baseline -0.009 -16"><span class='ocrx_word' id='word_1_287' title='bbox 281 4249 369 4314; x_wconf 89' lang='grc'><strong>11101</strong></span> <span class='ocrx_word' id='word_1_288' title='bbox 393 4269 428 4314; x_wconf 88' lang='grc'>00</span> <span class='ocrx_word' id='word_1_289' title='bbox 452 4249 680 4330; x_wconf 82' lang='grc'><strong>00110101111,</strong></span> <span class='ocrx_word' id='word_1_290' title='bbox 711 4256 747 4314; x_wconf 91' lang='lat' dir='ltr'>ut</span> <span class='ocrx_word' id='word_1_291' title='bbox 776 4248 915 4313; x_wconf 90' lang='lat' dir='ltr'>alterum</span> <span class='ocrx_word' id='word_1_292' title='bbox 944 4267 1016 4314; x_wconf 91' lang='lat' dir='ltr'>cum</span> <span class='ocrx_word' id='word_1_293' title='bbox 1045 4248 1209 4328; x_wconf 89' lang='lat' dir='ltr'>particula</span> <span class='ocrx_word' id='word_1_294' title='bbox 1233 4243 1455 4329; x_wconf 88' lang='lat' dir='ltr'>comparativa</span> 
     </span>
     <span class='ocr_line' id='line_1_38' title="bbox 282 4348 1454 4440; baseline -0.009 -18"><span class='ocrx_word' id='word_1_295' title='bbox 282 4356 512 4440; x_wconf 91' lang='lat' dir='ltr'>coniungatur,</span> <span class='ocrx_word' id='word_1_296' title='bbox 534 4357 674 4422; x_wconf 92' lang='lat' dir='ltr'>alterum</span> <span class='ocrx_word' id='word_1_297' title='bbox 694 4375 732 4420; x_wconf 94' lang='grc'>00</span> <span class='ocrx_word' id='word_1_298' title='bbox 752 4363 873 4420; x_wconf 88' lang='lat' dir='ltr'>careat.</span> <span class='ocrx_word' id='word_1_299' title='bbox 911 4356 973 4420; x_wconf 91' lang='lat' dir='ltr'>His</span> <span class='ocrx_word' id='word_1_300' title='bbox 993 4356 1072 4420; x_wconf 91' lang='lat' dir='ltr'>locis</span> <span class='ocrx_word' id='word_1_301' title='bbox 1092 4355 1320 4421; x_wconf 88' lang='lat' dir='ltr'>inveniuntur:</span> <span class='ocrx_word' id='word_1_302' title='bbox 1347 4353 1397 4432; x_wconf 80' lang='lat'>24,</span> <span class='ocrx_word' id='word_1_303' title='bbox 1417 4348 1454 4412; x_wconf 77' lang='lat'>15</span> 
     </span>
    </p>
   </div>
   <div class='ocr_carea' id='block_1_3' title="bbox 0 0 1638 4998">
    <p class='ocr_par' dir='ltr' id='par_1_4' title="bbox 0 0 1638 4998">
     <span class='ocr_line' id='line_1_39' title="bbox 0 0 1638 4998; baseline 0 0"><span class='ocrx_word' id='word_1_304' title='bbox 0 0 1638 4998; x_wconf 95' lang='lat' dir='ltr'> </span> 
     </span>
    </p>
   </div>
  </div>
 </body>
</html>
