3268 5002
735 283 954 346 -13-

257 488 367 546 tamen
398 485 528 544 tentum
556 479 733 562 figurarum
758 497 924 544 numerum
951 477 1135 543 ostendisse
1158 477 1252 542 nobis
1276 476 1432 555 videmur,

257 594 304 667 ut,
330 586 358 652 si
376 586 502 669 figurae
522 586 563 650 ad
584 584 742 650 orationis
762 584 995 650 sublimitatem
1014 584 1137 664 velent,
1162 591 1299 665 propter
1322 602 1434 648 earum

257 693 477 774 frequentiam
502 691 696 772 scriptorem
725 691 759 756 in
784 690 975 756 sublimibus
999 692 1235 764 numerandum
1259 708 1331 755 esse
1356 707 1433 754 auc-

257 801 384 866 toribus
408 818 468 879 pro
493 803 583 862 certo
607 799 795 863 habeamus,

345 907 396 971 Ae
426 905 563 986 primum
594 905 721 984 quidem
752 908 792 972 de
816 905 988 970 verborum
1011 903 1125 986 figuris
1149 904 1320 982 loquentes
1348 902 1435 966 inter

259 1033 315 1078 eas
333 1011 525 1078 disserimus
549 1011 684 1091 quaein
707 1011 879 1076 adimenda
900 1015 958 1075 aut
975 1011 1129 1092 augenda
1149 1014 1182 1074 et
1205 1008 1434 1089 amplificanda

259 1121 432 1186 verborum
463 1117 694 1182 coniunctione
722 1123 756 1181 et
785 1135 842 1181 eas
870 1136 955 1196 quae
982 1115 1015 1181 in
1040 1116 1150 1182 verbis
1179 1113 1435 1195 transponendis

260 1225 387 1306 positae
421 1229 507 1290 snut.
565 1225 683 1303 ltaque
713 1223 816 1304 primo
844 1223 916 1288 loco
945 1225 987 1288 ad
1011 1224 1197 1304 asyndeton
1221 1221 1274 1287 uel
1297 1221 1435 1286 dissolu-

261 1331 380 1396 tionem
399 1332 617 1396 'accedamus
677 1330 728 1394 Ea
762 1330 868 1413 figura
906 1330 1048 1410 scriptor
1081 1348 1180 1409 saepe
1213 1327 1326 1393 utinm.
1382 1327 1435 1392 Ex

261 1437 376 1518 quibus
395 1437 476 1503 locis
495 1440 559 1503 duo
580 1436 679 1502 etiam
697 1436 731 1500 in
751 1435 972 1501 antithesibus
991 1435 1178 1500 tractandis
1202 1434 1296 1500 nobis
1322 1452 1435 1498 occur-

260 1548 344 1623 rent,
376 1562 448 1608 cum
478 1543 512 1607 iu
545 1543 631 1607 binis
660 1543 877 1610 substantivis
907 1547 941 1606 et
968 1542 1078 1608 verbis
1107 1541 1177 1606 sine
1206 1539 1436 1606 coniunctione

259 1649 377 1731 positis
397 1649 496 1715 etiam
516 1649 691 1714 antithesis
710 1650 816 1733 figura
835 1649 1031 1715 inveniatur,
1069 1649 1152 1714 Sunt
1176 1654 1286 1713 autem
1305 1647 1339 1711 hi
1356 1646 1434 1712 loci:

351 1757 403 1835 21,
429 1758 448 1820 3
471 1763 506 1822 οὐ
528 1760 710 1843 θαυμάζεις,
736 1760 778 1836 ῶς
798 1755 944 1842 [Σαπφὼ]
970 1760 1029 1822 όπδ
1048 1760 1082 1820 τό
1102 1760 1177 1820 αὐτὸ
1201 1761 1256 1841 τὴν
1278 1758 1381 1840 ψυχὴν
1401 1758 1435 1818 τό

262 1875 362 1948 σῶμα,
382 1869 433 1940 τὰς
445 1868 541 1942 ἀκοὰς
557 1871 612 1950 τὴν
624 1867 771 1950 γλῶσσαν
787 1869 840 1941 τάς
854 1867 937 1948 όψεις
952 1868 1006 1948 τὴν
1018 1865 1115 1948 χρόαν
1125 1899 1168 1906 -
1179 1864 1327 1947 ἐπιζητεῖς
1345 1861 1397 1938 21,
1416 1863 1435 1923 ί)

264 1967 412 2054 [Σαπφώ]
435 1969 511 2034 καθ’
531 1972 764 2048 ὑπεναντιώσεις
785 1972 981 2056 άμαψόγεται
1004 1971 1122 2054 κάεται,
1144 1971 1302 2054 ἀλογιστεῖ
1322 1979 1434 2053 ιρρονεί.

354 2075 501 2155 Reliqua,
526 2076 558 2140 iu
583 2077 700 2156 quibus
724 2076 806 2141 nibil
829 2075 1038 2140 memorabile
1054 2075 1151 2156 inest,
1177 2093 1214 2139 eo
1240 2073 1353 2138 ordine
1377 2075 1435 2137 ad-

268 2179 408 2246 feremus
432 2201 494 2261 quo
517 2183 550 2246 in
574 2183 658 2248 libro
684 2189 833 2248 exstant:

354 2288 403 2367 10,
431 2291 472 2352 14
495 2303 557 2368 τοῖς
581 2295 643 2356 ἀπὸ
659 2294 814 2377 διαφόρων
834 2292 1083 2376 ἐπιτηδευμάτων
1100 2291 1173 2375 βίων
1190 2291 1292 2373 ζήλων
1308 2290 1436 2374 ἡλικιῶν

263 2397 381 2480 λόγων;
408 2397 517 2475 11,13
542 2397 639 2463 οἶκτοι
663 2401 756 2463 λῦπαι
781 2399 868 2483 φόβοι
902 2397 952 2477 15,
979 2397 998 2459 2
1023 2399 1182 2482 τραόματα
1206 2399 1291 2461 θεῶν
1315 2397 1436 2472 στάσεις

262 2504 406 2588 τιμωρίας
430 2507 550 2589 δάκρυα
574 2508 672 2590 δεσμὰ
695 2507 785 2590 πάδη
809 2507 993 2590 πάμμυρτας
1019 2504 1071 2582 24,
1089 2503 1131 2565 24
1155 2506 1205 2566 διὰ
1227 2507 1262 2566 τό
1279 2505 1356 2586 μετὰ
1371 2502 1436 2586 βίας

265 2613 393 2692 ἕκαστα,
426 2615 468 2675 έτι
500 2615 534 2676 δὲ
557 2614 670 2698 πάγους
695 2613 798 2698 ῥώμης
822 2614 992 2696 δεινότητος
1016 2609 1079 2674 οίον
1103 2610 1199 2673 καίειν
1224 2626 1306 2689 eqs,;
1338 2607 1390 2685 33,
1416 2608 1435 2670 9

263 2719 315 2780 καί
338 2721 450 2782 ταύτόν
474 2755 515 2763 --
541 2723 604 2803 ἅμα
633 2718 785 2796 ἀπόδειξίς
809 2721 872 2782 ἐστι
896 2730 949 2782 τοῦ
975 2720 1068 2802 μηδὲν
1091 2715 1310 2802 ἡμαρτηκέναι,
1339 2716 1436 2799 παρά-

264 2827 382 2909 δειγμα,
408 2829 509 2909 όρκων
532 2825 640 2906 πίστις,
666 2826 829 2910 ἐγκώμιον,
855 2825 1029 2909 προτροπή,
1061 2823 1113 2902 33,
1140 2822 1182 2885 26
1206 2823 1350 2886 ὑπόνοιαν
1375 2823 1437 2886 ἐνέ-

264 2933 336 3015 δρας
360 2932 524 3016 ἐπιβουλῆς
543 2934 798 3017 παραλογισμοῠ;
824 2931 876 3010 33,
902 2931 943 2992 27
969 2929 1079 3014 ότανῇ
1104 2933 1179 3014 πρός
1203 2922 1308 3013 κριτὴν
1332 2929 1436 3012 κόριον

59 3057 65 3067 ·
172 3089 174 3094 .
265 3039 281 3100 ό
307 3039 408 3122 λόγος,
432 3034 574 3123 μάλιστα
604 3041 638 3102 δέ
668 3043 743 3123 πρός
773 3039 937 3122 τυράννους
967 3037 1112 3121 βασιλέας
1139 3037 1308 3121 ἡγεμόναςς
1340 3033 1391 3112 36,
1418 3033 1437 3096 6

264 3145 386 3230 έρανίζη
411 3149 465 3229 τὴν
490 3146 578 3229 ίσγὺν
601 3150 655 3228 τὴν
680 3148 782 3210 πειθὼ
806 3149 840 3208 τό
860 3146 985 3220 κάλλος.
1026 3142 1070 3222 (Is
1095 3141 1185 3205 locus
1211 3141 1250 3204 ob
1267 3158 1338 3220 eam
1358 3158 1437 3219 quo-

265 3268 327 3328 que
351 3269 417 3315 rem
443 3250 561 3332 dignus
586 3250 717 3330 estqui
741 3253 1018 3328 commemoretur,
1051 3248 1137 3327 quod
1168 3245 1265 3327 paulo
1297 3250 1375 3310 ante
1399 3247 1438 3310 de

266 3357 436 3438 asyndetis
461 3357 582 3422 dict-um
607 3365 667 3438 est,
700 3376 836 3438 quorum
868 3355 1048 3436 exemplum
1079 3353 1143 3418 iam
1174 3353 1267 3434 pouit
1298 3351 1437 3435 auctor.)

266 3465 317 3543 37,
344 3465 385 3528 16
409 3469 462 3542 τάς
486 3466 582 3543 λέξεις
605 3470 659 3542 τὰς
683 3467 802 3550 νοήσεις
826 3469 880 3549 την
904 3467 940 3527 ἐκ
960 3475 1013 3527 τοῦ
1033 3466 1115 3526 κατά
1137 3463 1226 3546 φύσιν
1242 3462 1347 3545 εἱρμοῶ
1364 3483 1438 3523 παν-

265 3571 354 3648 τοίως
374 3576 449 3656 πρδς
470 3573 576 3656 μυρίοις
592 3577 707 3656 τροπάς
725 3572 945 3637 ἐναλλάττουσι
962 3571 1060 3651 τάξιν;
1085 3568 1138 3645 38,
1156 3568 1198 3631 28
1222 3569 1253 3631 αί
1276 3577 1338 3635 τῶν
1357 3565 1438 3631 πτώ-

266 3701 346 3742 σεων
369 3681 489 3763 γρόνων
513 3680 688 3763 προσώπων
713 3683 856 3763 ἀριθμῶν
879 3688 977 3762 γενῶν
995 3676 1188 3756 ἐναλλάξεις,
1213 3673 1326 3753 44,16
1351 3673 1438 3758 μέγε-

266 3786 324 3861 θος
349 3788 412 3869 ἅμα
435 3787 551 3862 κάλλος
575 3787 727 3851 εὐπίνειαν
751 3785 843 3870 βάρος
868 3787 956 3868 ίσγὺν
979 3784 1107 3867 κράτος;
1133 3780 1185 3859 54,
1205 3781 1243 3843 11
1269 3780 1438 3865 ὑψηγορίας

266 3893 362 3971 τόνον,
388 3894 513 3977 ἔμψυχα
530 3893 629 3976 πάδη,
647 3891 833 3976 περιουσίαν,
859 3891 1027 3975 άγγίνοιαν,
1051 3890 1156 3973 τάγος,
1174 3891 1258 3951 ἔνθα·
1269 3889 1306 3971 δὴ
1323 3889 1437 3970 κόριον,

266 4001 320 4081 τὴν
345 4001 457 4063 άπασιν
481 4001 647 4083 ἀπρόσιτον
670 4000 828 4082 δεινότητα
852 3999 904 4060 καί
929 3997 1071 4080 δόναμιν;
1097 3994 1148 4072 56,
1176 3993 1216 4056 19
1240 3997 1279 4057 τὰ
1302 3991 1438 4078 Ὁμήρου

266 4107 304 4167 τά
321 4105 540 4190 Δημοσθένους
556 4108 595 4168 τά
610 4106 777 4180 Πλάτωνος
793 4115 854 4168 τῶν
870 4105 985 4184 ἄλλων,
1011 4106 1076 4166 όσοι
1093 4104 1129 4185 δὴ
1147 4117 1213 4178 eqs,
1238 4097 1438 4183 (consideres

268 4228 389 4290 quaeso
421 4209 612 4290 scriptorem
643 4229 709 4274 nou
739 4215 778 4275 τὰ
807 4221 868 4274 τῶν
899 4210 1004 4272 ἀλλων
1035 4208 1092 4270 scd
1124 4206 1225 4270 solum
1249 4217 1310 4270 τῶν
1335 4206 1439 4268 ἄλλων

267 4316 469 4401 scripsisse);
506 4317 558 4397 60,
585 4306 624 4379 1'1
657 4318 798 4394 ποικίλας
828 4327 973 4382 κινοῦσαν
1005 4315 1086 4391 ἰδέας
1117 4314 1275 4398 ὀνομάτων
1303 4313 1439 4395 νοήσεων

267 4427 456 4510 πραγμάτων
479 4426 615 4500 κάλλους
639 4424 806 4508 εὐμελείας.
