3268 5002
796 330 1017 394 -58-

321 523 341 606 ἢ
372 523 647 609 δημιουργημοίτων
678 527 883 604 ἀποτόπυσις.
950 526 979 609 8,
1011 527 1052 591 10
1090 529 1131 604 ὡς
1162 529 1278 616 φωρίου
1312 535 1390 608 τινός
1418 533 1493 616 ἐφα-

320 631 477 715 πτόμενος.
491 628 513 714 1)

409 736 441 820 b)
466 741 588 824 ὥσπερ;
621 724 673 822 50)
699 739 718 802 3
742 743 896 806 Πλοίτιυνα
927 745 1031 828 ὥσπερ
1060 745 1119 807 ὑπό
1149 743 1297 830 βακχείας
1324 750 1402 822 τινός
1430 757 1495 811 τῶν

320 845 421 929 λόγων
435 879 474 890 -
488 849 703 932 ἐκφερόμενον.

408 951 437 1034 c)
462 953 609 1038 ὡσπερεί;
651 953 703 1031 54,
734 955 775 1016 16
808 957 1011 1042 Δημοσθένης
1049 958 1180 1044 ὡσπερεί
1213 959 1407 1045 καταβροντᾷ
1440 963 1494 1024 καί

317 1059 506 1145 καταφέγγει
529 1066 599 1138 τοὺς
623 1059 676 1126 ἀπ’
700 1065 809 1139 αἰῶνος
832 1064 971 1149 ῥήτορας.

412 1165 444 1248 (1)
470 1168 582 1232 ὡσανεί
591 1191 597 1230 :
628 1167 680 1247 63,
706 1168 726 1230 9
751 1171 862 1235 ὡσανεί
885 1173 1014 1257 γόμφοις
1037 1175 1114 1237 τισίν
1138 1174 1324 1258 ἐπαλλήλοις
1348 1174 1416 1238 κατ’
1445 1176 1495 1260 ἐγ-

317 1277 416 1349 κοπὰς
439 1277 492 1338 καί
516 1277 728 1362 σκληρότητας
752 1279 1015 1364 ἐπισυνδεδεμένα.

406 1381 436 1460 e)
460 1380 537 1448 οίονι
569 1381 621 1464 52,
648 1383 666 1445 7
696 1385 712 1447 ό
744 1386 777 1450 δέ
809 1385 958 1471 Πίνδαρος
987 1389 1039 1450 καί
1070 1387 1235 1472 Σοφοκλῆς
1263 1389 1314 1452 ὁτὲ
1345 1392 1400 1473 μὲν
1429 1387 1492 1454 οἷον

316 1488 416 1551 ποίντα
441 1490 638 1574 ἐπιφλέγουσι
661 1502 699 1577 τῇ
723 1503 813 1577 φορᾷ,
838 1491 1012 1576 σβέννυνται
1037 1491 1063 1557 δ’
1076 1494 1198 1579 ἀλόγως
1221 1496 1382 1571 πολλοίκις.

407 1592 434 1678 ί)
458 1597 563 1662 οίονεί;
589 1599 679 1662 οίονεί
696 1599 798 1684 ψυχήν
814 1622 880 1663 τινα
892 1611 953 1676 τοῖς
965 1601 1122 1685 πράγμασι
1136 1605 1311 1686 φωνητικὴν
1324 1604 1490 1668 ἐντιθεῖσα.

405 1701 438 1784 g)
462 1704 543 1780 πὼςε
574 1704 626 1784 33,
652 1705 711 1768 23:
743 1707 831 1791 φύσει
860 1730 925 1784 πως
953 1718 1111 1793 συμμαχεῖ
1134 1730 1167 1771 τε
1191 1718 1234 1793 τῷ
1259 1711 1327 1794 ὕψει
1352 1712 1391 1773 τὰ
1415 1711 1490 1797 σχή-

317 1832 398 1894 ματα
421 1814 473 1874 καί
497 1813 589 1877 ποίλιν
613 1815 884 1900 ἀντισυμμαχεῖται
908 1817 1099 1899 θαυμαστῶς
1122 1812 1173 1878 ὑπ’
1197 1819 1300 1880 αὐτοῦ.
1381 1896 1384 1901 ¹

404 1917 437 1996 h)
461 1921 518 1982 οὐκ
542 1917 598 1984 οἶδ’
622 1923 720 1996 όπιυςε
752 1918 931 2008 Ἰσοκράτης
959 1925 1017 1985 οὐκ
1041 1921 1096 1986 οἶδ’
1122 1926 1205 2000 όπιυς
1233 1925 1340 2000 παιδός
1363 1935 1489 2010 πρᾶγμα

316 2026 444 2089 ἔπαθεν.

404 2129 427 2212 1)
452 2135 579 2219 σχεδόν;
606 2133 657 2213 61,
677 2134 719 2196 23
744 2138 855 2221 σχεδόν
879 2138 910 2201 ἐν
934 2147 999 2214 ταῖς
1023 2139 1174 2222 περιόδοις
1198 2139 1304 2223 ἔρανός
1329 2140 1392 2203 ἐστι
1412 2140 1487 2223 πλη·
1603 2117 1604 2194 1

315 2240 393 2314 θους
416 2243 454 2302 τὰ
478 2240 608 2326 μεγέθη.

328 2431 331 2436 1
384 2361 410 2414 ll.
431 2362 580 2429 alleporlae
600 2376 711 2430 quarum
732 2365 928 2420 excusationes
948 2365 981 2419 ad
1001 2366 1108 2434 slnpula
1128 2367 1262 2422 vocabula
1281 2369 1426 2432 spectant:

403 2453 435 2536 a)
461 2457 580 2540 ὥσπερ;
614 2455 667 2534 27,
695 2456 735 2518 16
762 2457 882 2550 ἀνάγκη
914 2460 966 2521 καί
990 2462 1028 2521 τὰ
1052 2460 1328 2544 συλλαμβανόμενα
1352 2461 1485 2544 ὑπὸτῆς

313 2562 422 2625 τούτου
460 2564 561 2648 ψυχης
594 2565 688 2648 ἀτελῆ
722 2568 774 2628 καί
806 2566 908 2649 τυφλὰ
943 2568 1047 2650 ὥσπερ
1080 2567 1288 2652 ἀμβλοῦσθαι,
1327 2570 1403 2651 πρός
1435 2578 1485 2651 τῆς

313 2669 538 2755 ὑστεροφημίας
562 2671 642 2746 όλιυς
666 2675 706 2756 μὴ
731 2673 996 2757 τελεσφοροόμενα
1019 2674 1138 2758 χρόνον.

402 2775 434 2854 1))
459 2774 536 2840 οίον;
568 2776 619 2858 36,
643 2776 663 2839 5
693 2782 764 2843 όταν
793 2780 847 2842 δύο
875 2802 895 2863 η
923 2779 991 2864 τρία
1020 2778 1082 2844 οἷον
1110 2784 1191 2844 κατὰ
1219 2780 1390 2865 συμμορίαν
1417 2783 1481 2846 σἰνα-

312 2882 478 2967 κιρναμένα
511 2885 658 2969 ἀλλήλοις
690 2885 812 2970 ἐρανίζη
846 2890 900 2970 τὴν
936 2888 1024 2972 ἰσχὺν
1060 2890 1114 2970 τὴν
1147 2888 1249 2951 πειθὼ
1286 2891 1321 2951 τό
1354 2889 1474 2961 κοίλλος;

313 2985 426 3065 6620
450 2991 597 3055 ἑκοίστοτε
620 2995 659 3055 τὰ
678 2994 797 3078 ψυχικοί
820 2994 1036 3078 προτερήματα
1054 3003 1115 3058 τῶν
1135 2996 1271 3079 ῥητόρων
1291 2995 1478 3081 μελετώμενα

313 3097 460 3161 ἀκονᾶται
491 3100 543 3161 καί
575 3097 637 3163 οίον
668 3099 837 3184 ἐκτρίβεται
870 3103 923 3164 καί
955 3111 1016 3177 τοῖς
1047 3101 1204 3186 πράγμασι
1235 3105 1316 3165 κατὰ
1346 3105 1382 3165 τό
1406 3103 1482 3174 εἰκός

401 3237 420 3306 1)
440 3237 561 3291 Rohdius
583 3239 611 3291 in
630 3239 698 3292 Mus
719 3239 804 3292 Rhcn.
816 3240 955 3309 .(XXXV.‚
975 3241 1047 3310 310.)
1066 3244 1101 3303 ὡς
1120 3243 1176 3306 φὼρ
1195 3245 1236 3292 lou
1255 3259 1323 3304 τινος
1342 3241 1483 3310 legendum

310 3328 444 3396 proponit.
488 3327 563 3393 Quae
591 3327 748 3382 coniectum
774 3328 851 3383 nobis
880 3345 934 3382 non
962 3331 1101 3396 probatur.
1148 3329 1217 3382 Nam
1244 3346 1405 3396 quemquam
1433 3345 1483 3382 non

311 3416 498 3471 contendimus
531 3433 609 3485 posse
642 3419 718 3472 nullo
751 3419 828 3473 modo
860 3418 989 3487 trigidum
1007 3419 1194 3487 Xenophontis
1223 3433 1313 3473 vocem
1341 3433 1402 3472 cum
1428 3418 1482 3471 viro

310 3507 461 3573 comparari
472 3537 503 3544 -
515 3522 583 3573 quae
602 3507 708 3574 quidem
722 3509 887 3576 comparatio
905 3507 1024 3562 difficilis
1043 3515 1072 3562 et
1090 3514 1216 3562 contorte
1232 3509 1339 3562 videtur
1350 3539 1384 3546 —-
1395 3517 1483 3562 temen

310 3597 399 3649 facere
425 3613 479 3650 non
504 3611 646 3663 possumus
672 3596 736 3662 quin
762 3612 922 3662 quaeramus
951 3613 1015 3650 num
1041 3597 1116 3650 lures
1141 3597 1217 3650 virus
1244 3597 1352 3650 auferre
1371 3599 1482 3650 soleant.

310 3685 423 3738 Accedit
442 3685 512 3751 quod
531 3685 583 3739 viri
602 3686 677 3739 notio
696 3702 806 3752 prorsus
826 3701 994 3755 supervacua
1014 3693 1056 3739 est
1075 3701 1160 3753 neque
1180 3688 1287 3741 omnino
1306 3687 1482 3740 desideretur.

310 3776 413 3828 Auctor
433 3792 492 3829 cum
513 3775 600 3830 dicere
619 3776 702 3829 vellet
720 3792 800 3842 ortem
814 3776 909 3843 cupide
922 3777 1050 3830 Timaeus
1068 3775 1144 3830 illam
1157 3790 1250 3830 vocem
1263 3776 1483 3842 Xenophontcam

310 3864 473 3932 adripuisset
492 3867 560 3919 satis
579 3865 675 3918 hebuit
694 3880 755 3918 eum
774 3881 834 3918 cum
853 3864 913 3917 fure
932 3864 1033 3931 aliquid
1047 3865 1188 3919 auferente
1205 3880 1368 3934 comparere.
1388 3865 1483 3931 Itaque

309 3956 344 4015 ὡς
367 3959 464 4019 poploe
488 3959 556 4016 τινος
579 3959 756 4020 ἐφαπτόμενος
780 3954 895 4022 scripsit,
920 3953 1017 4021 quibus
1041 3954 1130 4008 verbis
1155 3956 1232 4009 nobis
1252 3956 1358 4022 quidem
1378 3955 1482 4008 videtur

309 4043 379 4096 idem
405 4044 494 4097 dicere
520 4043 638 4096 voluisse
662 4044 733 4110 quod
758 4043 847 4097 verbis
873 4059 930 4097 rem
957 4043 1030 4097 lurtc
1054 4045 1175 4099 ablatem
1199 4059 1294 4112 cepere
1313 4051 1342 4097 et
1361 4043 1481 4112 adripere

308 4133 351 4186 vel
375 4132 479 4186 lurtum
504 4133 594 4186 lacero
617 4132 785 4200 exprimitur.
829 4133 891 4186 Sole
915 4132 1062 4188 difficultas
1081 4133 1109 4186 in
1129 4150 1160 4187 eo
1180 4141 1230 4203 est,
1250 4134 1320 4199 quod
1339 4134 1481 4200 scriptores

308 4227 411 4288 φωρίιυν
429 4238 541 4275 numero
561 4222 661 4289 plurali
680 4223 720 4275 uti
741 4223 837 4276 solent.
875 4223 926 4276 Sed
945 4237 1006 4276 cum
1025 4224 1231 4292 cognoverimus
1251 4227 1390 4276 auctorem
1409 4237 1481 4290 mog-

307 4329 372 4365 num
391 4327 533 4365 numerum
552 4311 744 4366 vocabulorum
762 4310 849 4379 ipsum
869 4311 987 4380 finxisse,
1007 4313 1200 4380 huncquoque
1220 4317 1317 4378 φωρίου
1337 4309 1481 4380 singularis

307 4402 412 4455 numeri
433 4417 511 4454 usum
531 4400 555 4453 ei
575 4401 760 4454 concedamus.
