3268 5002
748 313 970 378 ..23-

270 510 361 590 tiam,
395 514 433 574 ut
455 508 504 573 ita
528 507 643 588 dicam,
679 506 903 588 praeparavit,
939 506 1143 590 interrogat:
1179 508 1239 593 ἄρα
1263 511 1300 594 δὴ
1334 509 1446 593 μείζων

271 618 399 704 ποιητής
427 619 482 697 (sc.
506 614 747 680 Eratosthenes
775 613 1000 695 Archilocho);
1037 612 1169 680 dubium
1198 632 1264 678 non
1293 618 1345 678 est
1367 612 1444 693 quin

271 721 495 803 unusquisque
515 720 746 788 Archilochum
770 719 925 786 maiorem
949 724 1079 800 poetam
1100 718 1189 784 dicat
1209 737 1289 784 esse.
1329 719 1445 786 altera

271 827 489 912 interrogatio
513 826 680 894 rhetorica
703 826 860 910 negativo
885 845 985 892 sensu
1008 826 1161 907 praedita
1179 826 1232 905 69,
1258 825 1300 890 10
1324 830 1443 892 exstat.

271 935 426 1002 Similiter
450 953 489 1000 ac
509 953 610 1016 supra
630 933 773 1015 scriptor
790 933 1085 1016 interrogationem
1104 932 1188 998 serie
1208 933 1446 998 sententiarum

271 1042 495 1124 praeparavit,
532 1040 584 1106 cui
613 1047 673 1128 γὰρ
711 1040 908 1122 particulam
938 1039 1118 1124 praemisit,
1155 1059 1350 1122 quamquam
1381 1039 1446 1104 alia

271 1150 370 1216 etiam
395 1147 571 1229 sententia,
596 1147 650 1212 cui
674 1152 751 1215 ὅπου
770 1151 804 1214 δὲ
823 1147 926 1213 verba
945 1146 1138 1228 praeposita
1157 1152 1245 1227 sunt,
1270 1145 1446 1212 antecedit.

271 1257 354 1324 Nam
374 1259 500 1336 auctor,
524 1258 699 1336 postquam
718 1253 789 1319 fieri
807 1272 873 1319 non
893 1271 991 1334 posse
1010 1253 1103 1335 dixit,
1129 1259 1167 1318 ut
1184 1253 1213 1318 is
1232 1253 1289 1334 qui
1307 1252 1446 1333 pecunia

271 1367 447 1444 corruptus
478 1365 566 1428 esset
596 1360 679 1426 liber
710 1359 809 1426 etiarn
840 1364 874 1424 et
907 1359 1036 1443 integer
1067 1360 1147 1428 iusti
1177 1359 1324 1441 rectique
1348 1359 1447 1426 iudex

271 1474 369 1550 esset,
400 1473 433 1534 et
462 1486 542 1533 suae
567 1467 670 1549 ipsius
695 1467 816 1535 aetatis
841 1467 945 1533 vitam
969 1473 1158 1549 corruptam
1182 1466 1447 1533 commemoravit

270 1576 320 1640 ita
348 1575 549 1658 interrogat:
581 1576 642 1661 ἄρα
672 1578 709 1661 δὴ
741 1577 773 1644 ἐν
801 1577 935 1660 τοσαύτῃ
965 1577 1090 1662 λοιμικῇ
1113 1589 1167 1641 τοῦ
1198 1577 1264 1662 βίον
1289 1577 1448 1661 διαφθορᾷ

271 1687 422 1769 δοκοῦμεν
442 1687 485 1748 ἔτι
505 1684 673 1768 ἐλεύθερόν
693 1705 760 1748 τινα
779 1687 886 1767 κριτὴν
905 1692 967 1747 τῶν
986 1684 1130 1768 μεγάλων
1151 1685 1171 1767 ἢ
1187 1685 1356 1768 διηκόντων
1372 1686 1447 1768 πρὸς

270 1796 322 1856 τὸν
346 1793 443 1856 αἰῶνα
466 1790 660 1855 κάδὲκαστον
688 1791 916 1874 ἀπολελεῖφθαι
944 1792 997 1854 καὶ
1025 1794 1066 1876 μὴ
1090 1790 1447 1876 καταρχαιρεσιάζεσθαι

270 1902 345 1983 πρὸς
368 1909 422 1983 τῆς
449 1909 503 1962 τοῦ
531 1899 726 1962 πλεονεκτεῖν
750 1897 933 1981 ἐπιθυμίας;
963 1896 1013 1960 Ne
1035 1897 1097 1960 hoc
1121 1895 1249 1976 quidem
1273 1894 1345 1960 loco
1369 1893 1446 1974 quid

270 2004 532 2084 respondendum
562 2001 605 2067 sit
633 2001 793 2066 incertum
823 2006 883 2066 est.
931 2001 1001 2068 illis
1028 2000 1347 2084 interrogationibus
1375 2019 1444 2066 earn

273 2109 447 2174 adnectam
463 2127 548 2189 quae
567 2108 620 2188 38,
638 2108 680 2172 28
700 2126 769 2188 sqq.
791 2113 918 2173 exstat:
943 2111 971 2174 τί
990 2112 1024 2174 δὲ
1040 2111 1071 2174 αἱ
1086 2121 1146 2176 τῶν
1163 2110 1312 2176 πτώσεων
1327 2111 1448 2195 χρόνων

271 2213 446 2302 προσώπων
471 2218 615 2302 ἀριθμῶν
643 2227 741 2301 γενῶν
765 2217 952 2298 ἐναλλάξας,
983 2228 1049 2294 πῶς
1072 2239 1147 2282 ποτε
1170 2218 1446 2282 καταποικίλλουσι

271 2326 324 2387 καὶ
344 2323 534 2408 ἐπεγείρουσι
553 2327 591 2388 τὰ
610 2324 829 2408 ἑρμηνευτικά;
854 2320 905 2388 Ibi
924 2321 957 2386 in
978 2322 1205 2403 respondendo
1226 2342 1292 2386 nou
1309 2321 1445 2403 simplici

270 2426 460 2494 affirmandi
483 2428 536 2494 vel
560 2427 768 2494 adsentiendi
792 2433 851 2493 aut
874 2429 1018 2511 negandi
1040 2429 1093 2495 vel
1112 2429 1328 2495 dissentiendi
1346 2447 1444 2495 voca-

270 2535 346 2599 bulo
363 2535 413 2599 uti
428 2553 611 2616 possumus,
633 2553 704 2600 cum
721 2533 975 2618 interrogationi
991 2549 1056 2615 πῶς
1072 2535 1237 2617 particula
1253 2554 1446 2616 responsum

269 2641 371 2707 multo
395 2641 584 2707 accuratius
608 2641 800 2708 desiderans
824 2642 1006 2722 praemissa
1031 2643 1084 2708 sit.
1131 2643 1254 2706 Tamen
1279 2662 1318 2706 ea
1341 2643 1444 2707 inter·

269 2748 399 2830 rogatio
423 2748 457 2813 in
481 2747 654 2814 rhetoricis
678 2749 882 2814 numeranda
906 2755 966 2828 est,
998 2748 1075 2828 quia
1099 2748 1227 2812 omnino
1252 2767 1443 2830 responsum

269 2872 335 2918 non
353 2858 575 2934 exspectatur.
612 2853 818 2918 Admirantis
834 2854 920 2919 enirn
936 2853 1036 2918 atita
1053 2853 1157 2919 dicam
1174 2855 1445 2920 exclamationem

270 2959 413 3040 scriptor
437 2978 476 3025 ea
499 2959 682 3041 exprimere
705 2960 818 3026 voluit.

359 3067 480 3131 Verum
513 3085 648 3133 necesse
679 3071 731 3131 est
762 3085 821 3132 nos
851 3066 885 3131 in
915 3085 955 3132 ea
985 3066 1247 3150 interrogatione
1277 3067 1446 3149 paulisper

268 3172 391 3238 morari
415 3174 457 3237 ab
482 3190 586 3253 eaque
610 3172 652 3237 ad
675 3172 851 3238 nonnullas
879 3192 990 3238 earum
1014 3173 1136 3240 reverti
1161 3193 1243 3254 quas
1266 3173 1331 3239 iam
1355 3181 1444 3240 trac-

270 3278 422 3345 tavimus.
473 3279 586 3359 Neque
606 3278 691 3344 enirn
711 3278 800 3344 solae
820 3292 885 3358 πῶς
904 3304 979 3346 ποτε
998 3280 1182 3361 particulae
1201 3279 1224 3344 ii
1243 3280 1445 3361 praemissae

269 3391 356 3466 sunt,
388 3387 445 3451 sed
469 3385 564 3452 varia
588 3385 738 3450 subiecta
762 3387 971 3466 antecedunt,
998 3393 1030 3451 et
1055 3391 1134 3451 ante
1158 3405 1197 3452 ea
1222 3386 1320 3452 etiam
1343 3390 1372 3453 τί
1395 3392 1443 3468 aa

269 3491 411 3558 formula
440 3491 517 3572 quid
536 3494 639 3558 vero?
669 3491 722 3558 vel
745 3492 823 3573 quid
843 3494 968 3573 porro?
998 3493 1188 3576 significans
1214 3493 1344 3576 legitur.
1391 3496 1444 3560 Ad

269 3597 578 3680 contemplationem
617 3597 731 3664 talium
769 3598 936 3664 initiorum
971 3599 1208 3665 instituendam
1246 3601 1366 3682 optime
1401 3603 1444 3666 ab

268 3705 530 3788 interrogatione
559 3723 657 3785 quam
685 3706 738 3785 34,
768 3706 811 3769 24
838 3705 1022 3772 invenimus
1047 3705 1219 3773 ordiamur.
1265 3707 1317 3774 Ibi
1339 3708 1442 3772 inter-

268 3810 436 3896 rogationi
464 3830 561 3892 quam
592 3830 693 3892 supra
721 3811 938 3878 tractavimus
968 3813 1075 3878 altera
1105 3813 1286 3894 praemissa
1314 3818 1381 3879 est:
1415 3817 1444 3880 τί

268 3919 294 3986 δ’
318 3923 422 3988 ἐκεῖνα
452 3931 568 4006 φῶμεν,
599 3923 653 3998 τὰς
676 3920 798 3998 πεύσεις
828 3943 861 3985 τε
891 3924 944 3985 καὶ
968 3922 1161 4007 ἀποκρίσεις;
1195 3922 1248 3987 Ad
1277 3939 1349 3986 eam
1377 3940 1442 3986 nou

269 4031 380 4107 potest
403 4043 597 4106 responsum
621 4025 703 4107 dari,
729 4044 842 4092 verum
865 4044 955 4091 mera
979 4027 1023 4092 ad
1045 4046 1164 4094 novam
1188 4045 1255 4092 rem
1281 4027 1444 4093 transitus

269 4130 411 4198 formula
439 4138 499 4199 est.
545 4131 659 4212 Neque
689 4130 774 4197 enim
804 4151 864 4213 per
896 4152 931 4198 sc
962 4132 1160 4198 sententiam
1191 4136 1338 4216 praehet,
1370 4153 1442 4199 cum

267 4237 348 4305 nihil
364 4239 533 4305 contineat
549 4239 612 4304 nisi
627 4239 832 4320 insequentis
847 4239 1120 4324 interrogationis
1137 4240 1327 4307 subiectum.
1359 4242 1443 4305 Nam

267 4351 422 4425 putamus
446 4349 590 4414 συντείνει
615 4347 708 4413 verbi
735 4347 797 4411 hoc
825 4346 897 4411 loco
920 4347 985 4413 vim
1009 4346 1221 4414 transitivum
1246 4367 1318 4414 esse
1342 4352 1376 4412 et
1400 4349 1444 4412 ab
