3268 5002
659 311 866 372 -ηγ,

164 509 222 588 pla
253 509 390 570 exstent.
437 507 553 586 ltaque
581 525 644 570 non
672 507 772 570 solunt
802 506 985 570 sententiae
1019 523 1149 586 prorsus
1177 506 1346 569 absolutae

165 633 206 678 ea
231 615 338 678 111111
362 612 496 677 indutae
520 617 604 695 snut,
628 615 684 676 sed
709 612 808 677 etiarn
833 632 891 676 eae
915 613 1031 692 qubus
1060 616 1173 676 auctor
1200 610 1233 674 id
1263 614 1346 693 quod

164 720 322 802 proponit
344 720 466 785 maiore
489 719 524 786 vi
547 719 654 784 dicere
679 722 758 786 vult.
805 720 903 785 Cuius
926 720 974 784 rei
999 719 1213 784 illustrandae
1236 718 1347 800 gratia

164 827 315 892 nonnulli
338 827 399 892 loci
424 829 628 892 adferantur:
653 828 721 908 6,3
745 833 779 894 τὸ
804 826 862 912 [δέ]
888 829 1086 914 μειρακιῶδες
1110 830 1251 912 ἄντικρυς
1275 829 1346 892 ύπε-

164 937 289 1002 ναντίον
319 947 380 1014 τοῖς
411 937 728 1022 μεγέθεσιταπεινδν
758 939 816 1022 γάρ
847 937 879 1014 ἐξ
904 937 977 1000 ὅλου
1001 937 1053 999 καί
1079 937 1270 1020 μικρόψυχον
1294 938 1346 999 καί

163 1054 209 1128 τῷ
243 1047 307 1108 ’ἀντι
335 1047 434 1108 κακὸν
463 1044 693 1128 ἀγεννέστατον.
743 1042 793 1121 10,
823 1040 864 1105 10
888 1055 977 1107 τούτο
995 1039 1077 1128 [γὰρ]
1102 1053 1145 1126 τῷ
1171 1045 1231 1107 ὄντι
1257 1042 1346 1127 μέγα,

165 1150 201 1216 ού
235 1151 338 1234 πολλὴ
368 1152 464 1235 μὲνὴ
489 1150 713 1235 ἀναθεώρησις,
746 1151 896 1226 δύσκολος
920 1150 963 1231 δέ,
996 1150 1113 1234 μᾶλλον
1137 1147 1163 1213 δ’
1187 1150 1345 1230 ἀδύνατος,

164 1260 184 1343 ἡ
215 1258 487 1336 κατεξανάστασις.
537 1256 587 1338 11,
612 1256 653 1320 22
686 1253 786 1340 [ὅθεν]
817 1260 930 1341 ἥκιστα
958 1267 1018 1322 τῶν
1046 1257 1183 1342 ῥητόρων
1213 1257 1240 1320 οί
1264 1279 1346 1342 περι-

165 1367 283 1442 παοεῖς
295 1363 567 1449 ἐγκωμιαστικοίῆ
582 1366 712 1449 ἔμπαλιν
725 1365 752 1428 οί
763 1367 946 1429 ὲπαινετικοί
958 1365 1142 1450 περιπαθεῖς
1150 1360 1256 1445 (citius
1271 1381 1346 1426 seu-

166 1469 296 1536 tentiao
307 1476 477 1535 structura
495 1489 592 1549 quarn
610 1468 790 1534 artificiosa
804 1469 848 1534 sit
863 1468 958 1535 velim
971 1469 1180 1554 consideres).
1203 1470 1346 1552 31111

166 1581 274 1644 στάσει
301 1576 383 1664 [γὰρ]
412 1583 447 1643 τδ
471 1580 613 1664 ἠρεμοῦν,
645 1581 676 1642 ἐν
707 1579 817 1663 ἀταξίᾳ
844 1580 878 1643 δέ
907 1582 942 1642 τὸ
973 1580 1086 1655 πάδος.
1134 1577 1186 1654 37,
1213 1577 1254 1641 19
1278 1580 1347 1644 τότε

166 1691 225 1772 γάρ
250 1688 271 1771 ἡ
295 1686 388 1771 τέχνη
412 1686 537 1767 τέλειος,
562 1683 642 1770 ἡνίκ’
659 1688 695 1750 ἀν
711 1687 800 1770 φύσις
824 1684 899 1750 εἶναι
916 1688 1004 1770 δοκῇ,
1028 1683 1091 1770 ηδ’
1107 1683 1146 1749 αὖ
1171 1687 1259 1770 φύσις
1283 1687 1346 1750 ἐπι-

168 1795 273 1880 τυχής,
304 1797 377 1858 ὅταν
405 1794 624 1858 λανθάνουσαν
647 1793 775 1878 περιέχη
799 1796 853 1878 τὴν
877 1793 987 1878 τέχνην
1012 1791 1129 1874 (neque
1153 1790 1250 1856 huius
1275 1810 1347 1856 sen-

171 1898 297 1964 tentiae
321 1905 491 1963 structura
516 1905 589 1962 arte
614 1905 716 1976 caret,
749 1916 809 1962 nec
839 1899 923 1962 duae
951 1917 1034 1977 qtras
1057 1897 1122 1962 iam
1147 1897 1346 1978 adferimus).

175 2007 259 2085 46,3
284 2009 301 2070 ὁ
326 2004 410 2092 [γὰρ]
436 2007 640 2093 Δημοσθένης
671 2011 739 2092 ὄρος
768 2009 821 2071 καὶ
849 2017 909 2080 τῶν
933 2007 1079 2072 τοιούτων
1104 2003 1157 2091 [sc.
1181 2008 1346 2086 metapho-

180 2131 279 2178 rarum
310 2111 408 2199 usual,
444 2116 460 2177 ὁ
488 2126 542 2199 τῆς
570 2115 675 2199 χρείας
703 2116 737 2178 δὲ
767 2115 882 2199 καιρὸς.
939 2113 991 2193 51,
1019 2113 1059 2176 19
1092 2111 1253 2199 [ἐπείτοιγε
1281 2111 1345 2198 καὶ]

182 2222 310 2297 ἀπτιιιτος
335 2219 575 2298 ὁἈπολλιύνιος
599 2223 631 2288 ἐν
654 2232 716 2298 τοῖς
732 2219 949 2307 Ἀργοναύταις
965 2226 1092 2306 ποιητὴς
1109 2224 1168 2286 κάν
1191 2232 1253 2298 τοῖς
1277 2223 1347 2307 βου-

178 2328 307 2406 κολικοῖς
323 2330 404 2412 πλὴν
417 2329 529 2414 ὀλίγων
546 2339 607 2393 τῶν
623 2329 742 2407 ἔξωθεν
759 2328 952 2415 ὁΘεύκριτος
969 2329 1214 2414 ἐπιτυχέστατος.
1240 2328 1292 2403 60,
1305 2328 1347 2391 20

173 2436 343 2522 ἀποχρῶσα
360 2433 442 2522 [γὰρ]
459 2437 480 2520 ἡ
496 2447 586 2521 πεῖρα
602 2436 709 2511 πίστις.
750 2436 802 2514 62,
822 2436 838 2497 1
859 2447 1056 2521 μικροποιοῦν
1074 2433 1124 2520 [δ’]
1143 2438 1230 2500 οὐδέν
1250 2440 1347 2512 ούτιυς

172 2542 201 2606 ἐν
229 2553 292 2618 τοῖς
321 2544 450 2628 ὑψηλοῖς
479 2543 519 2618 ὡς
548 2545 667 2628 ῥυύμδς
695 2544 907 2629 πεπλασμένος
935 2544 1029 2628 λόγου
1053 2545 1106 2606 καί
1130 2543 1345 2628 σεσοβημένος.

171 2647 265 2712 ⁴lli-ae
285 2647 353 2712 eius
372 2648 456 2713 rnodi
475 2647 658 2713 sententiae
674 2647 843 2730 permultis
861 2648 939 2714 locis
956 2653 1095 2731 exstant,
1115 2654 1152 2714 ut
1171 2650 1200 2730 2,
1213 2650 1247 2726 6;
1269 2649 1297 2730 3,
1310 2650 1344 2726 6;

171 2756 198 2836 4,
220 2755 276 2836 15;
292 2756 331 2838 ’9,
351 2757 385 2834 3;
411 2757 440 2838 9,
460 2758 494 2834 8;
522 2758 571 2838 11,
592 2757 626 2837 4,
654 2757 703 2838 13,
724 2757 757 2836 2,
785 2757 835 2838 19,
855 2758 890 2836 2;
916 2756 968 2836 25,
989 2757 1046 2836 26;
1068 2757 1119 2838 26,
1139 2747 1195 2836 22’;
1217 2755 1268 2837 27,
1290 2755 1344 2833 10;

170 2862 295 2945 30,12;
321 2863 445 2945 3013,
472 2864 597 2944 30,17ς
623 2865 674 2946 33,
691 2864 747 2942 20;
769 2864 893 2946 34,10;
919 2864 1043 2945 43,19;
1069 2863 1120 2945 43,
1137 2864 1193 2940 22;
1219 2862 1345 2944 44,15;

170 2969 273 3052 45,1;
299 2970 350 3050 49,
368 2971 402 3050 8;
428 2969 530 3050 52,6;
556 2970 680 3051 63,10;
706 2972 746 3034 al.

261 3076 510 3156 Nonnumquam
535 3084 651 3143 auctor
675 3097 746 3142 eam
762 3076 891 3142 dicendi
915 3076 1075 3142 rationem
1091 3077 1242 3156 viamque
1266 3083 1346 3140 tern-

172 3188 256 3264 ptat,
282 3202 353 3248 curn
379 3184 418 3249 de
443 3183 553 3264 eliqua
577 3203 726 3264 requam
750 3184 911 3250 tractavit
933 3183 1088 3250 iudicium
1110 3183 1260 3248 facturus
1285 3190 1346 3260 est,

172 3291 264 3355 velut
296 3291 326 3368 5,
349 3291 379 3366 5,
415 3297 589 3372 postquam
622 3292 727 3358 locurn
760 3290 978 3374 Aeschyleum
1010 3290 1136 3369 citavit,
1170 3285 1280 3372 pergit
1312 3294 1347 3355 οὐ

172 3402 304 3485 τραγικά
328 3401 371 3464 ἔτι
394 3411 501 3482 ταῦτα,
526 3403 609 3466 ἀλλὰ
632 3402 870 3487 παρατράγῳδα.
916 3400 971 3481 IV,
996 3400 1015 3463 2
1040 3391 1348 3479 Pseudo-Longinus

173 3504 445 3586 comparationem
468 3506 622 3588 frigidam
647 3506 827 3572 Alexandri
851 3526 922 3571 cum
941 3507 1085 3570 Isocrate
1109 3525 1129 3568 a
1149 3504 1347 3569 1111111111-

174 3617 259 3676 111111
284 3612 401 3695 adfert,
425 3615 465 3678 de
489 3634 552 3694 qua
578 3615 605 3696 7,
622 3615 651 3696 8,
675 3613 828 3678 iudicium
851 3613 933 3677 tacit
957 3612 1018 3676 his:
1044 3614 1210 3698 tropaeo]
1234 3623 1348 3697 γετοῦ
1427 3689 1430 3696 ,

173 3721 353 3797 Μακεδόνος
375 3723 396 3806 ἡ
420 3726 495 3808 πρὸς
518 3725 570 3788 τδν
593 3727 742 3807 σοφιστὴν
766 3723 932 3807 σύγκρισις.
980 3722 1058 3784 011111
1081 3719 1146 3783 illis
1169 3718 1246 3782 locis
1276 3738 1347 3783 con·

173 3825 254 3890 terri
277 3832 410 3907 possunt
435 3828 485 3910 14,
511 3830 564 3907 16;
590 3829 641 3910 54,
668 3829 722 3908 14;
748 3829 788 3892 11.

263 3934 385 3998 Eodem
413 3934 540 4000 dicendi
573 3938 663 4000 nrodo
693 3940 806 4000 auctor
833 3954 896 3998 non
924 3954 998 3998 raro
1028 3933 1140 4000 utitur.
1174 3943 1348 4014 antequam

174 4040 310 4106 aliorum
334 4042 526 4124 scriptorum
548 4045 633 4107 locos
657 4042 795 4123 adferat,
821 4043 913 4107 velut
936 4043 987 4121 39,
1012 4043 1031 4106 5
1055 4041 1192 4125 legimus
1222 4056 1348 4108 τοιαῦτα

174 4153 258 4236 παρά
281 4160 324 4235 τῷ
348 4151 506 4236 Σοφοκλεῖ
526 4155 565 4215 τά
588 4153 637 4216 ἐπὶ
660 4162 713 4214 τού
734 4151 873 4230 Οἰδίπου,
899 4168 981 4230 quae
1001 4151 1103 4216 verba
1122 4151 1209 4215 loeus
1229 4151 1347 4230 Sopho·

175 4258 261 4320 olcus
285 4256 438 4337 seqnitur.
469 4257 612 4330 ,Similes
635 4256 696 4320 loci
720 4260 795 4321 sunt
821 4257 871 4338 13,
893 4257 920 4320 9.
950 4258 1002 4340 49,
1023 4257 1073 4321 24.
1102 4258 1221 4339 42,11.
1250 4257 1301 4338 43,
1318 4257 1346 4320 3.

175 4364 226 4447 58,
238 4364 288 4428 24.
306 4364 358 4445 11.;
375 4369 508 4446 possunt
524 4384 594 4430 cunr
610 4363 650 4428 iis
667 4363 806 4428 corderri
826 4364 916 4447 5,17.
933 4365 1026 4447 6,17.
1043 4364 1095 4448 38,
1110 4364 1159 4428 10.
1177 4363 1229 4447 40,
1242 4364 1290 4428 16.
1308 4365 1348 4428 al.
