3268 5002
707 359 927 422 -69-

231 555 293 618 hac
316 555 355 617 de
380 572 443 634 qua
467 552 592 634 agimus
616 558 710 633 parte
733 553 836 618 libelli
860 553 990 620 videtur
1013 573 1089 618 usus
1114 536 1191 636 esse,
1221 573 1260 616 ex
1288 552 1405 633 qubus

233 679 314 736 unus
333 658 545 725 catalecticus
565 664 627 723 cst:
649 659 755 736 18,10
773 665 826 725 καὶ
842 665 894 727 τὸν
910 663 959 725 ἐπὶ
975 673 1028 725 τοῦ
1045 662 1191 746 ναυαγίου
1208 659 1273 747 δέχ’
1288 662 1403 747 ἡμέρας

235 763 349 848 ἄσιτον,
374 786 444 831 cum
472 769 533 830 duo
562 765 649 846 pleni
672 765 738 830 sint
765 765 810 830 hi:
835 767 901 848 6,ss
925 772 959 832 τὸ
983 770 1016 833 ’δὲ
1041 770 1239 852 μειρακιῶδες
1263 771 1404 853 ἄντικρυς

232 875 409 956 ὑπεναντίον
432 885 494 950 τοῖς
518 875 665 959 μεγέθεσι
694 877 727 936 et
757 874 843 948 144
872 877 1012 959 ὑπερφυᾶ
1039 877 1092 939 καὶ
1114 878 1153 938 τὰ
1177 876 1225 938 ἐπὶ
1249 887 1302 959 τῆς
1330 878 1405 939 θεο-

233 982 345 1067 μαχίας
369 983 579 1066 φαντάσματα.

322 1085 478 1165 Reliquos
498 1103 651 1150 numeros
670 1085 777 1150 minus
797 1104 895 1166 saepe
916 1086 1002 1166 apud
1016 1088 1180 1150 rhetorem
1193 1086 1405 1167 repperimus.

233 1195 282 1259 Ac
315 1192 451 1274 primum
489 1191 618 1271 quidem
651 1194 691 1256 de
724 1192 892 1257 trochaico
927 1199 1031 1257 metro
1064 1193 1206 1257 locuturi
1238 1212 1406 1258 monemus

232 1302 408 1365 trochaeos
431 1306 464 1363 et
483 1299 659 1364 dichoreus
684 1318 703 1362 a
727 1299 1022 1381 Pseudo-Longino
1043 1299 1226 1380 vituperari
1249 1298 1314 1382 (62,
1341 1301 1404 1380 22).

232 1408 346 1487 Neque
373 1405 476 1488 igitur
499 1404 614 1470 mirum
638 1412 698 1484 est
729 1407 815 1484 quod
843 1405 875 1469 in
900 1424 1017 1470 novem
1041 1405 1204 1486 prioribus
1229 1406 1328 1470 libelli
1352 1426 1407 1470 ca·

234 1513 358 1595 pitibus
387 1512 451 1577 uisi
480 1531 537 1577 sex
565 1511 646 1576 locis
674 1512 801 1577 niroreri
829 1512 988 1576 trochaici
1016 1531 1081 1576 non
1111 1521 1254 1591 exstant,
1271 1513 1339 1593 'qui
1368 1533 1406 1578 ea

234 1639 361 1701 quoque
397 1622 437 1685 de
465 1639 566 1684 causa
598 1618 782 1700 vituperari
810 1639 874 1684 non
909 1620 1039 1702 dehent,
1074 1621 1160 1700 quod
1193 1639 1257 1685 non
1287 1620 1408 1700 ubique

234 1726 309 1809 puri
331 1726 480 1791 trochaei
499 1733 584 1791 sunt.
631 1727 779 1791 Dimeter
798 1733 907 1790 autem
928 1725 1141 1791 catalecticus
1165 1729 1195 1807 9,
1217 1729 1258 1790 22
1280 1734 1405 1792 exstat:

233 1836 344 1900 εἰδέναι
372 1839 442 1920 χρὴ,
472 1835 607 1919 φίλτατε.
653 1833 911 1898 Acatalccticum
931 1833 1113 1897 'dimetrum
1138 1835 1167 1911 9,
1191 1834 1230 1897 13
1260 1834 1406 1915 repperi-

234 1960 318 2006 mus:
348 1943 484 2027 δείξομεν
512 1939 539 2006 δ’
564 1949 595 2006 ἐν
619 1953 680 2019 τοῖς
704 1945 817 2019 ἔπειτα,
850 1959 922 2004 cum
952 1940 1077 2004 duobus
1105 1939 1185 2005 locis
1214 1947 1409 2006 tetrameter

235 2047 449 2113 catalecticus
466 2067 491 2112 s,
510 2047 717 2128 septenarius
732 2047 872 2130 legatur,
895 2066 1031 2127 quorum
1047 2048 1131 2111 alter
1148 2048 1212 2130 (11,
1231 2049 1287 2130 21)
1308 2047 1408 2112 tertio

234 2157 315 2237 pede
343 2155 460 2219 falsum
489 2157 662 2236 spondeum
691 2154 834 2219 exhibet:
862 2161 915 2220 τδν
945 2159 998 2240 μὲν
1028 2160 1121 2241 ὄγκον
1150 2159 1202 2220 καὶ
1230 2161 1264 2220 ab
1289 2158 1407 2241 υψηλδν

234 2265 266 2342 ἐξ
295 2267 428 2340 ἅπαντος
461 2263 604 2348 περιέχει,
640 2262 725 2326 alter
752 2261 804 2326 hic
833 2267 900 2326 est:
932 2262 983 2340 17,
1005 2261 1047 2324 20
1077 2266 1148 2328 οὐδὲ
1176 2268 1231 2348 τὴν
1259 2269 1409 2348 προχυσιν

234 2371 340 2455 ὁμοίαν
370 2381 431 2434 τῶν
464 2371 650 2454 ἐπαλλήλων
683 2370 805 2435 παθῶν.
854 2369 1004 2432 (soterum
1037 2367 1154 2434 vitiosa
1188 2368 1409 2432 (lichoreorum

236 2474 439 2541 coacervatio
468 2480 517 2538 est
547 2475 574 2556 1,
598 2476 631 2538 4:
667 2477 828 2560 ὠφέλειαν,
857 2477 893 2561 ἧς
923 2477 1055 2559 μάλιστα
1088 2478 1136 2540 δεῖ
1165 2472 1409 2562 propatheias]

233 2588 286 2648 τὸν
309 2584 466 2668 γράφοντα
490 2587 523 2644 et
548 2581 629 2660 2,1;
654 2593 719 2658 πως
743 2586 780 2648 ἂν
803 2585 873 2667 ἡμῖν
894 2585 967 2646 αὐτὸ
991 2593 1082 2647 τοῦτο
1106 2585 1157 2646 καὶ
1182 2581 1219 2647 δι’
1239 2581 1281 2647 ὧν
1305 2579 1410 2666 πίνων

235 2692 388 2775 μεθόδων.

325 2794 482 2860 Trochaei
502 2814 559 2859 nos
583 2797 623 2858 ad
643 2793 778 2858 creticos
797 2797 926 2877 ducunt,
947 2814 1017 2858 curri
1036 2801 1174 2859 metrum
1193 2798 1276 2874 quorl
1297 2814 1313 2858 e
1333 2797 1409 2858 ‹luo-

234 2905 295 2968 bus
334 2901 462 2966 creticis
500 2900 647 2966 consistit
685 2901 856 2965 dimetrum
895 2900 1102 2985 trochaicum,
1142 2901 1230 2966 cuius
1269 2903 1409 2966 secunda

235 3008 349 3092 positio
381 3014 413 3072 et
442 3014 559 3089 quarta
588 3027 779 3089 suppressae
807 3014 890 3090 sunt,
922 3008 1105 3072 accuratius
1134 3027 1201 3072 rem
1225 3007 1410 3089 inspicienti

235 3119 423 3196 adaequare
435 3115 595 3180 videatur.
616 3114 712 3178 Citius
728 3115 861 3197 numeri,
875 3135 967 3194 quem
984 3114 1167 3180 rhetoribus
1182 3115 1257 3179 inde
1274 3117 1409 3178 a'l'hra-

236 3223 386 3305 symaeho
411 3241 537 3302 semper
560 3224 747 3285 adamatum
769 3221 869 3286 tuisse
893 3221 973 3285 satis
997 3227 1133 3301 constat,
1158 3223 1239 3286 haec
1263 3223 1411 3302 exempla

237 3350 277 3394 ex
300 3348 415 3394 novem
434 3327 498 3392 illis
518 3327 678 3409 capitibus
698 3328 828 3391 adferre
847 3347 1019 3409 possumus.
1068 3329 1148 3392 'l'res
1168 3328 1318 3409 deinceps
1337 3326 1411 3409 puri

236 3437 265 3520 2,
282 3438 301 3500 6
326 3440 510 3501 occurrunt:
534 3438 615 3521 πλὴν
639 3439 712 3513 ἴσως
731 3439 848 3501 τουτονὶ
869 3440 923 3521 μὲν
942 3440 993 3500 τὸν
1013 3433 1122 3521 ἄν[δρα
1143 3440 1175 3498 et
1195 3435 1223 3517 2,
1242 3437 1295 3499 16;
1315 3438 1411 3521 ἀπρό-

236 3569 289 3630 της
313 3526 365 3609 καὶ
390 3544 482 3628 ἐξοχὴ
507 3567 550 3619 τις
570 3545 679 3627 λόγων.
717 3541 836 3606 Cretici
861 3546 893 3605 et
917 3560 1054 3622 paeones
1067 3581 1110 3586 —
1123 3546 1250 3605 constat
1273 3561 1412 3622 paeones

237 3651 375 3715 creticos
399 3668 468 3713 esse
492 3667 625 3729 quorum
650 3633 755 3713 altera
779 3650 906 3730 syllaba
929 3650 1026 3730 longa
1055 3648 1209 3712 dissoluta
1239 3654 1287 3712 est
1310 3687 1354 3693 -
1377 3647 1411 3712 in

237 3756 347 3824 verbis
366 3753 460 3841 ἔστιν]
481 3757 522 3833 ὡς
546 3758 675 3840 ἀληθῶς
694 3761 729 3820 cb
749 3759 852 3832 πάθος
877 3753 1042 3842 [Αῖ]αντος,
1068 3752 1176 3841 οὐ[γὰρ
1197 3752 1264 3840 ζῆν]
1289 3761 1413 3841 εὔχεται

238 3864 302 3947 (lc,
321 3862 376 3948 10)
402 3861 563 3926 coniuncti
587 3868 669 3926 sunt.
717 3862 827 3926 Etiam
854 3863 903 3943 12,
921 3862 941 3925 5
961 3881 1100 3942 paeones
1125 3867 1158 3926 et
1182 3860 1293 3924 cretici
1306 3860 1411 3924 mixti

237 3976 325 4036 sunt:
351 3974 456 4055 ὥσπερ
480 3965 675 4054 ὑπδ1μαν11ας
699 3967 845 4054 τινοςμιαί
869 3971 1040 4055 πνεύματος
1060 3965 1337 4053 &circumboat-acm
1360 3971 1413 4032 ἐκ·

241 4078 332 4143 πνέον
356 4081 409 4141 καὶ
429 4079 519 4142 οἱονεὶ
544 4073 715 4162 [perfidior]
724 4081 794 4152 τοὺς
818 4078 937 4161 λόγους.
985 4077 1063 4139 Cum
1092 4094 1128 4139 co
1155 4076 1224 4138 loco
1252 4073 1363 4138 cretici
1392 4093 1412 4137 a

237 4182 414 4265 paeonibus
444 4182 660 4264 compluribus
688 4182 822 4263 syllabis
856 4183 1071 4263 secludantur,
1103 4181 1131 4263 3,
1150 4182 1190 4244 14
1219 4200 1357 4263 paeones
1385 4181 1412 4244 i-

238 4308 329 4371 psum
353 4292 466 4371 pedem
490 4289 644 4354 creticum
669 4293 859 4368 sequuntur:
884 4286 1032 4376 ἄσκη1σ1ν
1055 4313 1088 4354 τε
1111 4292 1164 4354 καὶ
1188 4301 1297 4375 χρῆσιν
1322 4291 1412 4374 ἱκανὴ

239 4394 415 4483 παρορ11σαι
434 4400 486 4462 καὶ
502 4393 742 4483 συνενεχκεῐν]ή
759 4398 902 4481 μέθοδος.
942 4395 1098 4478 Cognatio
1118 4401 1226 4460 autem
1246 4396 1411 4458 trochaeo-
