<?xml version="1.0" encoding="UTF-8"?>
<!DOCTYPE html PUBLIC "-//W3C//DTD XHTML 1.0 Transitional//EN"
    "http://www.w3.org/TR/xhtml1/DTD/xhtml1-transitional.dtd">
<html xmlns="http://www.w3.org/1999/xhtml" xml:lang="en" lang="en">
 <head>
  <title>
</title>
<meta http-equiv="Content-Type" content="text/html;charset=utf-8" />
  <meta name='ocr-system' content='tesseract 3.04.00' />
  <meta name='ocr-capabilities' content='ocr_page ocr_carea ocr_par ocr_line ocrx_word'/>
</head>
<body>
  <div class='ocr_page' id='page_1' title='image "./deanonymiperihy00freygoog_0014.png"; bbox 0 0 3268 5002; ppageno 0'>
   <div class='ocr_carea' id='block_1_1' title="bbox 738 325 937 388">
    <p class='ocr_par' dir='ltr' id='par_1_1' title="bbox 738 325 937 388">
     <span class='ocr_line' id='line_1_1' title="bbox 738 325 937 388; baseline 0 -18"><span class='ocrx_word' id='word_1_1' title='bbox 738 325 937 388; x_wconf 62' lang='grc'>-9-</span> 
     </span>
    </p>
   </div>
   <div class='ocr_carea' id='block_1_2' title="bbox 147 517 1430 4436">
    <p class='ocr_par' dir='ltr' id='par_1_2' title="bbox 147 517 1429 1758">
     <span class='ocr_line' id='line_1_2' title="bbox 147 517 1428 604; baseline -0.003 -17"><span class='ocrx_word' id='word_1_2' title='bbox 147 531 148 536; x_wconf 77' lang='grc'>’</span> <span class='ocrx_word' id='word_1_3' title='bbox 248 522 322 603; x_wconf 90' lang='lat' dir='ltr'>ipsa</span> <span class='ocrx_word' id='word_1_4' title='bbox 348 520 574 604; x_wconf 79' lang='lat' dir='ltr'>magnitudine</span> <span class='ocrx_word' id='word_1_5' title='bbox 605 520 704 585; x_wconf 89' lang='lat' dir='ltr'>animi</span> <span class='ocrx_word' id='word_1_6' title='bbox 733 527 767 584; x_wconf 88' lang='grc'>11</span> <span class='ocrx_word' id='word_1_7' title='bbox 790 521 830 585; x_wconf 94' lang='lat' dir='ltr'>de</span> <span class='ocrx_word' id='word_1_8' title='bbox 855 517 1056 585; x_wconf 90' lang='lat' dir='ltr'>sublimitate</span> <span class='ocrx_word' id='word_1_9' title='bbox 1081 517 1241 584; x_wconf 87' lang='lat' dir='ltr'>orationis</span> <span class='ocrx_word' id='word_1_10' title='bbox 1265 523 1371 600; x_wconf 88' lang='lat' dir='ltr'>agunt</span> <span class='ocrx_word' id='word_1_11' title='bbox 1394 525 1428 584; x_wconf 90' lang='grc'>11</span> 
     </span>
     <span class='ocr_line' id='line_1_3' title="bbox 250 623 1427 710; baseline -0.003 -17"><span class='ocrx_word' id='word_1_12' title='bbox 250 629 411 710; x_wconf 92' lang='lat' dir='ltr'>quomodo</span> <span class='ocrx_word' id='word_1_13' title='bbox 431 627 465 692; x_wconf 93' lang='lat' dir='ltr'>in</span> <span class='ocrx_word' id='word_1_14' title='bbox 484 626 583 692; x_wconf 86' lang='lat' dir='ltr'>talem</span> <span class='ocrx_word' id='word_1_15' title='bbox 604 626 703 691; x_wconf 89' lang='lat' dir='ltr'>animi</span> <span class='ocrx_word' id='word_1_16' title='bbox 723 631 847 692; x_wconf 89' lang='lat' dir='ltr'>statum</span> <span class='ocrx_word' id='word_1_17' title='bbox 866 625 1040 707; x_wconf 91' lang='lat' dir='ltr'>pervenire</span> <span class='ocrx_word' id='word_1_18' title='bbox 1058 623 1220 706; x_wconf 87' lang='lat' dir='ltr'>possimus</span> <span class='ocrx_word' id='word_1_19' title='bbox 1240 626 1427 690; x_wconf 87' lang='lat' dir='ltr'>ostendunt.</span> 
     </span>
     <span class='ocr_line' id='line_1_4' title="bbox 250 730 1427 816; baseline -0.003 -16"><span class='ocrx_word' id='word_1_20' title='bbox 250 734 340 816; x_wconf 77' lang='lat' dir='ltr'>Quas</span> <span class='ocrx_word' id='word_1_21' title='bbox 365 734 393 800; x_wconf 91' lang='lat' dir='ltr'>si</span> <span class='ocrx_word' id='word_1_22' title='bbox 416 735 489 814; x_wconf 90' lang='lat' dir='ltr'>quis</span> <span class='ocrx_word' id='word_1_23' title='bbox 514 732 762 813; x_wconf 80' lang='lat' dir='ltr'>examinaverit,</span> <span class='ocrx_word' id='word_1_24' title='bbox 788 731 931 813; x_wconf 90' lang='lat' dir='ltr'>aliquam</span> <span class='ocrx_word' id='word_1_25' title='bbox 949 730 1207 814; x_wconf 82' lang='lat' dir='ltr'>magnitudinem</span> <span class='ocrx_word' id='word_1_26' title='bbox 1231 749 1271 795; x_wconf 90' lang='lat' dir='ltr'>ex</span> <span class='ocrx_word' id='word_1_27' title='bbox 1294 731 1335 796; x_wconf 90' lang='lat' dir='ltr'>iis</span> <span class='ocrx_word' id='word_1_28' title='bbox 1359 731 1427 797; x_wconf 89' lang='lat' dir='ltr'>elu-</span> 
     </span>
     <span class='ocr_line' id='line_1_5' title="bbox 250 837 1428 921; baseline -0.004 -14"><span class='ocrx_word' id='word_1_29' title='bbox 250 861 324 907; x_wconf 85' lang='lat' dir='ltr'>cere</span> <span class='ocrx_word' id='word_1_30' title='bbox 348 841 516 920; x_wconf 90' lang='lat' dir='ltr'>solumque</span> <span class='ocrx_word' id='word_1_31' title='bbox 540 859 612 905; x_wconf 91' lang='lat' dir='ltr'>eum</span> <span class='ocrx_word' id='word_1_32' title='bbox 636 839 693 919; x_wconf 92' lang='lat' dir='ltr'>qui</span> <span class='ocrx_word' id='word_1_33' title='bbox 715 857 833 921; x_wconf 92' lang='lat' dir='ltr'>magno</span> <span class='ocrx_word' id='word_1_34' title='bbox 858 837 966 903; x_wconf 91' lang='lat' dir='ltr'>animo</span> <span class='ocrx_word' id='word_1_35' title='bbox 990 838 1034 902; x_wconf 90' lang='lat' dir='ltr'>sit</span> <span class='ocrx_word' id='word_1_36' title='bbox 1058 837 1140 902; x_wconf 91' lang='lat' dir='ltr'>talia</span> <span class='ocrx_word' id='word_1_37' title='bbox 1164 837 1307 902; x_wconf 90' lang='lat' dir='ltr'>scribere</span> <span class='ocrx_word' id='word_1_38' title='bbox 1331 856 1428 918; x_wconf 90' lang='lat' dir='ltr'>posse</span> 
     </span>
     <span class='ocr_line' id='line_1_6' title="bbox 248 943 1429 1027; baseline -0.004 -14"><span class='ocrx_word' id='word_1_39' title='bbox 248 953 339 1014; x_wconf 90' lang='lat' dir='ltr'>certe</span> <span class='ocrx_word' id='word_1_40' title='bbox 373 949 539 1013; x_wconf 88' lang='lat' dir='ltr'>concedet.</span> <span class='ocrx_word' id='word_1_41' title='bbox 590 948 624 1011; x_wconf 92' lang='lat' dir='ltr'>ld</span> <span class='ocrx_word' id='word_1_42' title='bbox 657 950 767 1010; x_wconf 86' lang='lat' dir='ltr'>autem</span> <span class='ocrx_word' id='word_1_43' title='bbox 800 949 917 1010; x_wconf 89' lang='lat' dir='ltr'>auctor</span> <span class='ocrx_word' id='word_1_44' title='bbox 948 961 1026 1009; x_wconf 87' lang='lat' dir='ltr'>vere</span> <span class='ocrx_word' id='word_1_45' title='bbox 1058 962 1211 1027; x_wconf 90' lang='lat' dir='ltr'>magnum</span> <span class='ocrx_word' id='word_1_46' title='bbox 1243 961 1317 1008; x_wconf 90' lang='lat' dir='ltr'>esse</span> <span class='ocrx_word' id='word_1_47' title='bbox 1349 943 1429 1009; x_wconf 91' lang='lat' dir='ltr'>dicit</span> 
     </span>
     <span class='ocr_line' id='line_1_7' title="bbox 249 1048 1429 1139; baseline -0.003 -19"><span class='ocrx_word' id='word_1_48' title='bbox 249 1055 315 1139; x_wconf 80' lang='lat'>(10,</span> <span class='ocrx_word' id='word_1_49' title='bbox 343 1055 395 1135; x_wconf 86' lang='lat'>10)</span> <span class='ocrx_word' id='word_1_50' title='bbox 420 1055 515 1133; x_wconf 91' lang='lat' dir='ltr'>quod,</span> <span class='ocrx_word' id='word_1_51' title='bbox 548 1071 611 1132; x_wconf 94' lang='lat' dir='ltr'>quo</span> <span class='ocrx_word' id='word_1_52' title='bbox 640 1051 764 1117; x_wconf 86' lang='lat' dir='ltr'>diutius</span> <span class='ocrx_word' id='word_1_53' title='bbox 795 1049 1032 1130; x_wconf 89' lang='lat' dir='ltr'>consideretur,</span> <span class='ocrx_word' id='word_1_54' title='bbox 1065 1068 1102 1114; x_wconf 93' lang='lat' dir='ltr'>eo</span> <span class='ocrx_word' id='word_1_55' title='bbox 1131 1048 1299 1116; x_wconf 85' lang='lat' dir='ltr'>difficilius</span> <span class='ocrx_word' id='word_1_56' title='bbox 1328 1055 1429 1130; x_wconf 89' lang='lat' dir='ltr'>atquc</span> 
     </span>
     <span class='ocr_line' id='line_1_8' title="bbox 251 1155 1428 1236; baseline -0.004 -10"><span class='ocrx_word' id='word_1_57' title='bbox 251 1163 332 1226; x_wconf 91' lang='lat' dir='ltr'>adeo</span> <span class='ocrx_word' id='word_1_58' title='bbox 366 1159 495 1225; x_wconf 92' lang='lat' dir='ltr'>omnino</span> <span class='ocrx_word' id='word_1_59' title='bbox 528 1178 595 1224; x_wconf 90' lang='lat' dir='ltr'>non</span> <span class='ocrx_word' id='word_1_60' title='bbox 628 1176 669 1223; x_wconf 86' lang='lat' dir='ltr'>ex</span> <span class='ocrx_word' id='word_1_61' title='bbox 702 1156 810 1222; x_wconf 91' lang='lat' dir='ltr'>animo</span> <span class='ocrx_word' id='word_1_62' title='bbox 839 1156 959 1221; x_wconf 90' lang='lat' dir='ltr'>dimitti</span> <span class='ocrx_word' id='word_1_63' title='bbox 983 1155 1107 1236; x_wconf 82' lang='lat' dir='ltr'>possit3</span> <span class='ocrx_word' id='word_1_64' title='bbox 1141 1156 1211 1221; x_wconf 90' lang='lat' dir='ltr'>eius</span> <span class='ocrx_word' id='word_1_65' title='bbox 1242 1155 1428 1222; x_wconf 88' lang='lat' dir='ltr'>memoriam</span> 
     </span>
     <span class='ocr_line' id='line_1_9' title="bbox 250 1261 1428 1352; baseline -0.003 -21"><span class='ocrx_word' id='word_1_66' title='bbox 250 1266 454 1352; x_wconf 86' lang='lat' dir='ltr'>indelebilem</span> <span class='ocrx_word' id='word_1_67' title='bbox 474 1272 508 1330; x_wconf 90' lang='lat' dir='ltr'>et</span> <span class='ocrx_word' id='word_1_68' title='bbox 527 1264 730 1346; x_wconf 79' lang='lat' dir='ltr'>pertinacem</span> <span class='ocrx_word' id='word_1_69' title='bbox 750 1281 839 1343; x_wconf 78' lang='lat' dir='ltr'>esse3</span> <span class='ocrx_word' id='word_1_70' title='bbox 863 1262 952 1326; x_wconf 92' lang='lat' dir='ltr'>illam</span> <span class='ocrx_word' id='word_1_71' title='bbox 971 1281 1045 1328; x_wconf 86' lang='lat' dir='ltr'>esse</span> <span class='ocrx_word' id='word_1_72' title='bbox 1064 1281 1176 1328; x_wconf 90' lang='lat' dir='ltr'>veram</span> <span class='ocrx_word' id='word_1_73' title='bbox 1195 1261 1428 1328; x_wconf 78' lang='lat' dir='ltr'>sublimitatem</span> 
     </span>
     <span class='ocr_line' id='line_1_10' title="bbox 256 1368 1429 1453; baseline -0.005 -14"><span class='ocrx_word' id='word_1_74' title='bbox 256 1392 338 1453; x_wconf 92' lang='lat' dir='ltr'>quae</span> <span class='ocrx_word' id='word_1_75' title='bbox 358 1379 392 1439; x_wconf 91' lang='lat' dir='ltr'>et</span> <span class='ocrx_word' id='word_1_76' title='bbox 411 1391 540 1453; x_wconf 85' lang='lat' dir='ltr'>semper</span> <span class='ocrx_word' id='word_1_77' title='bbox 559 1376 593 1436; x_wconf 91' lang='lat' dir='ltr'>et</span> <span class='ocrx_word' id='word_1_78' title='bbox 613 1369 762 1436; x_wconf 89' lang='lat' dir='ltr'>omnibus</span> <span class='ocrx_word' id='word_1_79' title='bbox 781 1369 948 1450; x_wconf 86' lang='lat' dir='ltr'>probetur.</span> <span class='ocrx_word' id='word_1_80' title='bbox 995 1368 1088 1450; x_wconf 82' lang='lat' dir='ltr'>Quae</span> <span class='ocrx_word' id='word_1_81' title='bbox 1112 1369 1297 1434; x_wconf 86' lang='lat' dir='ltr'>sententiae</span> <span class='ocrx_word' id='word_1_82' title='bbox 1316 1387 1429 1450; x_wconf 86' lang='lat' dir='ltr'>quarn-</span> 
     </span>
     <span class='ocr_line' id='line_1_11' title="bbox 250 1474 1429 1560; baseline -0.004 -15"><span class='ocrx_word' id='word_1_83' title='bbox 250 1499 347 1560; x_wconf 90' lang='lat' dir='ltr'>quam</span> <span class='ocrx_word' id='word_1_84' title='bbox 377 1479 480 1560; x_wconf 88' lang='lat' dir='ltr'>primo</span> <span class='ocrx_word' id='word_1_85' title='bbox 512 1479 583 1544; x_wconf 90' lang='lat' dir='ltr'>loco</span> <span class='ocrx_word' id='word_1_86' title='bbox 612 1477 652 1542; x_wconf 91' lang='lat' dir='ltr'>de</span> <span class='ocrx_word' id='word_1_87' title='bbox 682 1475 884 1541; x_wconf 87' lang='lat' dir='ltr'>sublimitate</span> <span class='ocrx_word' id='word_1_88' title='bbox 912 1475 1073 1540; x_wconf 90' lang='lat' dir='ltr'>orationis</span> <span class='ocrx_word' id='word_1_89' title='bbox 1097 1474 1206 1541; x_wconf 88' lang='lat' dir='ltr'>dictae</span> <span class='ocrx_word' id='word_1_90' title='bbox 1230 1480 1318 1556; x_wconf 81' lang='lat' dir='ltr'>sunt,</span> <span class='ocrx_word' id='word_1_91' title='bbox 1348 1475 1429 1540; x_wconf 90' lang='lat' dir='ltr'>nihil</span> 
     </span>
     <span class='ocr_line' id='line_1_12' title="bbox 249 1581 1428 1667; baseline -0.003 -17"><span class='ocrx_word' id='word_1_92' title='bbox 249 1591 359 1652; x_wconf 89' lang='lat' dir='ltr'>tamen</span> <span class='ocrx_word' id='word_1_93' title='bbox 390 1585 526 1667; x_wconf 90' lang='lat' dir='ltr'>impedit</span> <span class='ocrx_word' id='word_1_94' title='bbox 550 1582 722 1665; x_wconf 89' lang='lat' dir='ltr'>quominus</span> <span class='ocrx_word' id='word_1_95' title='bbox 746 1581 847 1648; x_wconf 88' lang='lat' dir='ltr'>etiam</span> <span class='ocrx_word' id='word_1_96' title='bbox 870 1583 913 1647; x_wconf 93' lang='lat' dir='ltr'>ad</span> <span class='ocrx_word' id='word_1_97' title='bbox 936 1581 1036 1646; x_wconf 90' lang='lat' dir='ltr'>animi</span> <span class='ocrx_word' id='word_1_98' title='bbox 1059 1581 1317 1665; x_wconf 84' lang='lat' dir='ltr'>magnitudinem</span> <span class='ocrx_word' id='word_1_99' title='bbox 1340 1581 1428 1646; x_wconf 83' lang='lat' dir='ltr'>refe-</span> 
     </span>
     <span class='ocr_line' id='line_1_13' title="bbox 249 1696 435 1758; baseline -0.005 -1"><span class='ocrx_word' id='word_1_100' title='bbox 249 1699 375 1758; x_wconf 91' lang='lat' dir='ltr'>rantur.</span> <span class='ocrx_word' id='word_1_101' title='bbox 433 1696 435 1702; x_wconf 87' lang='lat'>&#39;</span> 
     </span>
    </p>

    <p class='ocr_par' dir='ltr' id='par_1_3' title="bbox 242 1793 1430 4436">
     <span class='ocr_line' id='line_1_14' title="bbox 339 1793 1428 1880; baseline -0.005 -17"><span class='ocrx_word' id='word_1_102' title='bbox 339 1797 553 1880; x_wconf 82' lang='lat' dir='ltr'>Quantopere</span> <span class='ocrx_word' id='word_1_103' title='bbox 587 1802 697 1862; x_wconf 88' lang='lat' dir='ltr'>autem</span> <span class='ocrx_word' id='word_1_104' title='bbox 733 1795 833 1860; x_wconf 90' lang='lat' dir='ltr'>animi</span> <span class='ocrx_word' id='word_1_105' title='bbox 867 1795 973 1860; x_wconf 89' lang='lat' dir='ltr'>nostri</span> <span class='ocrx_word' id='word_1_106' title='bbox 1008 1793 1199 1860; x_wconf 87' lang='lat' dir='ltr'>sublimibus</span> <span class='ocrx_word' id='word_1_107' title='bbox 1236 1793 1428 1876; x_wconf 79' lang='lat' dir='ltr'>magnisque</span> 
     </span>
     <span class='ocr_line' id='line_1_15' title="bbox 249 1901 1428 1983; baseline -0.004 -14"><span class='ocrx_word' id='word_1_108' title='bbox 249 1907 349 1970; x_wconf 88' lang='lat' dir='ltr'>rebus</span> <span class='ocrx_word' id='word_1_109' title='bbox 374 1909 408 1969; x_wconf 88' lang='lat' dir='ltr'>et</span> <span class='ocrx_word' id='word_1_110' title='bbox 433 1902 608 1969; x_wconf 88' lang='lat' dir='ltr'>sententiis</span> <span class='ocrx_word' id='word_1_111' title='bbox 631 1902 838 1967; x_wconf 86' lang='lat' dir='ltr'>delectentur</span> <span class='ocrx_word' id='word_1_112' title='bbox 861 1906 894 1966; x_wconf 90' lang='lat' dir='ltr'>et</span> <span class='ocrx_word' id='word_1_113' title='bbox 918 1901 1097 1966; x_wconf 87' lang='lat' dir='ltr'>efferantur</span> <span class='ocrx_word' id='word_1_114' title='bbox 1116 1906 1150 1966; x_wconf 93' lang='lat' dir='ltr'>et</span> <span class='ocrx_word' id='word_1_115' title='bbox 1169 1904 1327 1980; x_wconf 91' lang='lat' dir='ltr'>quantum</span> <span class='ocrx_word' id='word_1_116' title='bbox 1346 1919 1428 1983; x_wconf 90' lang='lat' dir='ltr'>gau-</span> 
     </span>
     <span class='ocr_line' id='line_1_16' title="bbox 252 2005 1428 2090; baseline -0.002 -16"><span class='ocrx_word' id='word_1_117' title='bbox 252 2010 339 2074; x_wconf 89' lang='lat' dir='ltr'>dium</span> <span class='ocrx_word' id='word_1_118' title='bbox 368 2028 409 2074; x_wconf 87' lang='lat' dir='ltr'>ex</span> <span class='ocrx_word' id='word_1_119' title='bbox 438 2009 479 2074; x_wconf 92' lang='lat' dir='ltr'>iis</span> <span class='ocrx_word' id='word_1_120' title='bbox 510 2007 652 2089; x_wconf 85' lang='lat' dir='ltr'>capiant,</span> <span class='ocrx_word' id='word_1_121' title='bbox 684 2007 828 2089; x_wconf 84' lang='lat' dir='ltr'>pulchris</span> <span class='ocrx_word' id='word_1_122' title='bbox 852 2007 963 2074; x_wconf 91' lang='lat' dir='ltr'>verbis</span> <span class='ocrx_word' id='word_1_123' title='bbox 991 2009 1033 2072; x_wconf 92' lang='lat' dir='ltr'>ab</span> <span class='ocrx_word' id='word_1_124' title='bbox 1058 2026 1219 2090; x_wconf 85' lang='lat' dir='ltr'>anonymo</span> <span class='ocrx_word' id='word_1_125' title='bbox 1244 2005 1428 2087; x_wconf 83' lang='lat' dir='ltr'>exponitur.</span> 
     </span>
     <span class='ocr_line' id='line_1_17' title="bbox 253 2113 1428 2198; baseline -0.003 -19"><span class='ocrx_word' id='word_1_126' title='bbox 253 2115 332 2180; x_wconf 81' lang='lat' dir='ltr'>Cum</span> <span class='ocrx_word' id='word_1_127' title='bbox 361 2114 477 2198; x_wconf 88' lang='lat' dir='ltr'>negari</span> <span class='ocrx_word' id='word_1_128' title='bbox 507 2133 572 2178; x_wconf 90' lang='lat' dir='ltr'>non</span> <span class='ocrx_word' id='word_1_129' title='bbox 602 2114 708 2196; x_wconf 88' lang='lat' dir='ltr'>possit</span> <span class='ocrx_word' id='word_1_130' title='bbox 731 2151 774 2161; x_wconf 83' lang='lat'>-</span> <span class='ocrx_word' id='word_1_131' title='bbox 797 2113 846 2179; x_wconf 88' lang='lat' dir='ltr'>ita</span> <span class='ocrx_word' id='word_1_132' title='bbox 880 2113 1201 2197; x_wconf 65' lang='lat' dir='ltr'>fereratiocinatur</span> <span class='ocrx_word' id='word_1_133' title='bbox 1231 2113 1297 2197; x_wconf 83' lang='lat'>(55,</span> <span class='ocrx_word' id='word_1_134' title='bbox 1331 2115 1362 2194; x_wconf 81' lang='lat'>7)</span> <span class='ocrx_word' id='word_1_135' title='bbox 1386 2151 1428 2160; x_wconf 91' lang='lat'>—</span> 
     </span>
     <span class='ocr_line' id='line_1_18' title="bbox 252 2219 1428 2304; baseline -0.002 -18"><span class='ocrx_word' id='word_1_136' title='bbox 252 2241 324 2286; x_wconf 86' lang='lat' dir='ltr'>esse</span> <span class='ocrx_word' id='word_1_137' title='bbox 348 2221 525 2302; x_wconf 86' lang='lat' dir='ltr'>scriptores</span> <span class='ocrx_word' id='word_1_138' title='bbox 549 2221 602 2301; x_wconf 92' lang='lat' dir='ltr'>qui</span> <span class='ocrx_word' id='word_1_139' title='bbox 628 2220 800 2304; x_wconf 91' lang='lat' dir='ltr'>diligentia</span> <span class='ocrx_word' id='word_1_140' title='bbox 823 2220 857 2285; x_wconf 93' lang='lat' dir='ltr'>in</span> <span class='ocrx_word' id='word_1_141' title='bbox 880 2219 991 2286; x_wconf 88' lang='lat' dir='ltr'>multis</span> <span class='ocrx_word' id='word_1_142' title='bbox 1015 2223 1114 2286; x_wconf 90' lang='lat' dir='ltr'>rebus</span> <span class='ocrx_word' id='word_1_143' title='bbox 1138 2219 1290 2302; x_wconf 87' lang='lat' dir='ltr'>neglecta</span> <span class='ocrx_word' id='word_1_144' title='bbox 1309 2237 1428 2302; x_wconf 86' lang='lat' dir='ltr'>magna</span> 
     </span>
     <span class='ocr_line' id='line_1_19' title="bbox 254 2325 1430 2410; baseline -0.003 -18"><span class='ocrx_word' id='word_1_145' title='bbox 254 2327 423 2392; x_wconf 78' lang='lat' dir='ltr'>consecuti</span> <span class='ocrx_word' id='word_1_146' title='bbox 447 2327 515 2392; x_wconf 92' lang='lat' dir='ltr'>sint</span> <span class='ocrx_word' id='word_1_147' title='bbox 539 2334 573 2392; x_wconf 91' lang='grc'>11</span> <span class='ocrx_word' id='word_1_148' title='bbox 596 2327 707 2410; x_wconf 87' lang='lat' dir='ltr'>magni</span> <span class='ocrx_word' id='word_1_149' title='bbox 731 2327 957 2404; x_wconf 84' lang='lat' dir='ltr'>aestimantur,</span> <span class='ocrx_word' id='word_1_150' title='bbox 987 2345 1043 2391; x_wconf 92' lang='lat' dir='ltr'>eos</span> <span class='ocrx_word' id='word_1_151' title='bbox 1066 2326 1099 2391; x_wconf 93' lang='lat' dir='ltr'>id</span> <span class='ocrx_word' id='word_1_152' title='bbox 1123 2326 1327 2407; x_wconf 87' lang='lat' dir='ltr'>spectavisse</span> <span class='ocrx_word' id='word_1_153' title='bbox 1351 2325 1430 2391; x_wconf 91' lang='lat' dir='ltr'>dicit</span> 
     </span>
     <span class='ocr_line' id='line_1_20' title="bbox 250 2431 1427 2516; baseline -0.001 -18"><span class='ocrx_word' id='word_1_154' title='bbox 250 2440 412 2512; x_wconf 87' lang='lat' dir='ltr'>naturam,</span> <span class='ocrx_word' id='word_1_155' title='bbox 438 2453 523 2514; x_wconf 89' lang='lat' dir='ltr'>quae</span> <span class='ocrx_word' id='word_1_156' title='bbox 546 2454 606 2499; x_wconf 92' lang='lat' dir='ltr'>nos</span> <span class='ocrx_word' id='word_1_157' title='bbox 625 2433 759 2499; x_wconf 89' lang='lat' dir='ltr'>humilia</span> <span class='ocrx_word' id='word_1_158' title='bbox 780 2440 813 2498; x_wconf 89' lang='lat' dir='ltr'>et</span> <span class='ocrx_word' id='word_1_159' title='bbox 832 2433 989 2516; x_wconf 89' lang='lat' dir='ltr'>ignobilia</span> <span class='ocrx_word' id='word_1_160' title='bbox 1009 2433 1163 2498; x_wconf 86' lang='lat' dir='ltr'>animalia</span> <span class='ocrx_word' id='word_1_161' title='bbox 1183 2452 1256 2497; x_wconf 86' lang='lat' dir='ltr'>esse</span> <span class='ocrx_word' id='word_1_162' title='bbox 1275 2431 1427 2513; x_wconf 80' lang='lat' dir='ltr'>noluerit,</span> 
     </span>
     <span class='ocr_line' id='line_1_21' title="bbox 250 2537 1429 2622; baseline -0.002 -18"><span class='ocrx_word' id='word_1_163' title='bbox 250 2541 412 2606; x_wconf 91' lang='lat' dir='ltr'>mentibus</span> <span class='ocrx_word' id='word_1_164' title='bbox 440 2541 565 2606; x_wconf 87' lang='lat' dir='ltr'>nostris</span> <span class='ocrx_word' id='word_1_165' title='bbox 596 2540 754 2605; x_wconf 90' lang='lat' dir='ltr'>invictum</span> <span class='ocrx_word' id='word_1_166' title='bbox 784 2539 887 2604; x_wconf 88' lang='lat' dir='ltr'>omnis</span> <span class='ocrx_word' id='word_1_167' title='bbox 916 2537 1153 2622; x_wconf 87' lang='lat' dir='ltr'>magnitudinis</span> <span class='ocrx_word' id='word_1_168' title='bbox 1177 2538 1320 2603; x_wconf 89' lang='lat' dir='ltr'>studium</span> <span class='ocrx_word' id='word_1_169' title='bbox 1343 2538 1429 2603; x_wconf 90' lang='lat' dir='ltr'>inse·</span> 
     </span>
     <span class='ocr_line' id='line_1_22' title="bbox 251 2642 1427 2730; baseline -0.003 -18"><span class='ocrx_word' id='word_1_170' title='bbox 251 2647 347 2712; x_wconf 89' lang='lat' dir='ltr'>visse.</span> <span class='ocrx_word' id='word_1_171' title='bbox 408 2648 522 2727; x_wconf 88' lang='lat' dir='ltr'>Neque</span> <span class='ocrx_word' id='word_1_172' title='bbox 558 2646 662 2730; x_wconf 91' lang='lat' dir='ltr'>igitur</span> <span class='ocrx_word' id='word_1_173' title='bbox 699 2646 886 2712; x_wconf 88' lang='lat' dir='ltr'>universum</span> <span class='ocrx_word' id='word_1_174' title='bbox 923 2644 1076 2710; x_wconf 91' lang='lat' dir='ltr'>mundum</span> <span class='ocrx_word' id='word_1_175' title='bbox 1109 2643 1230 2709; x_wconf 92' lang='lat' dir='ltr'>bomini</span> <span class='ocrx_word' id='word_1_176' title='bbox 1263 2642 1427 2725; x_wconf 85' lang='lat' dir='ltr'>sufficere,</span> 
     </span>
     <span class='ocr_line' id='line_1_23' title="bbox 250 2749 1428 2834; baseline -0.003 -15"><span class='ocrx_word' id='word_1_177' title='bbox 250 2773 361 2819; x_wconf 86' lang='lat' dir='ltr'>verum</span> <span class='ocrx_word' id='word_1_178' title='bbox 386 2772 486 2834; x_wconf 89' lang='lat' dir='ltr'>saepe</span> <span class='ocrx_word' id='word_1_179' title='bbox 511 2754 580 2819; x_wconf 93' lang='lat' dir='ltr'>eius</span> <span class='ocrx_word' id='word_1_180' title='bbox 604 2759 743 2818; x_wconf 89' lang='lat' dir='ltr'>mentem</span> <span class='ocrx_word' id='word_1_181' title='bbox 765 2758 861 2817; x_wconf 91' lang='lat' dir='ltr'>extra</span> <span class='ocrx_word' id='word_1_182' title='bbox 880 2751 991 2817; x_wconf 89' lang='lat' dir='ltr'>mundi</span> <span class='ocrx_word' id='word_1_183' title='bbox 1014 2750 1171 2816; x_wconf 88' lang='lat' dir='ltr'>terminos</span> <span class='ocrx_word' id='word_1_184' title='bbox 1196 2749 1316 2834; x_wconf 86' lang='lat' dir='ltr'>egredi.</span> <span class='ocrx_word' id='word_1_185' title='bbox 1362 2751 1428 2816; x_wconf 89' lang='lat' dir='ltr'>Ne-</span> 
     </span>
     <span class='ocr_line' id='line_1_24' title="bbox 250 2857 1429 2940; baseline -0.003 -16"><span class='ocrx_word' id='word_1_186' title='bbox 250 2860 367 2925; x_wconf 89' lang='lat' dir='ltr'>minem</span> <span class='ocrx_word' id='word_1_187' title='bbox 396 2860 424 2924; x_wconf 92' lang='lat' dir='ltr'>si</span> <span class='ocrx_word' id='word_1_188' title='bbox 452 2860 524 2940; x_wconf 92' lang='lat' dir='ltr'>quis</span> <span class='ocrx_word' id='word_1_189' title='bbox 556 2879 679 2925; x_wconf 90' lang='lat' dir='ltr'>omnem</span> <span class='ocrx_word' id='word_1_190' title='bbox 705 2859 807 2925; x_wconf 87' lang='lat' dir='ltr'>vitam</span> <span class='ocrx_word' id='word_1_191' title='bbox 835 2857 1079 2938; x_wconf 84' lang='lat' dir='ltr'>circumspiciat</span> <span class='ocrx_word' id='word_1_192' title='bbox 1108 2857 1224 2940; x_wconf 84' lang='lat' dir='ltr'>lugere</span> <span class='ocrx_word' id='word_1_193' title='bbox 1247 2876 1344 2938; x_wconf 87' lang='lat' dir='ltr'>posse</span> <span class='ocrx_word' id='word_1_194' title='bbox 1368 2875 1429 2922; x_wconf 92' lang='lat' dir='ltr'>nos</span> 
     </span>
     <span class='ocr_line' id='line_1_25' title="bbox 249 2963 1429 3048; baseline -0.002 -18"><span class='ocrx_word' id='word_1_195' title='bbox 249 2967 293 3030; x_wconf 90' lang='lat' dir='ltr'>ad</span> <span class='ocrx_word' id='word_1_196' title='bbox 325 2985 445 3048; x_wconf 87' lang='lat' dir='ltr'>magna</span> <span class='ocrx_word' id='word_1_197' title='bbox 478 2971 576 3032; x_wconf 90' lang='lat' dir='ltr'>natos</span> <span class='ocrx_word' id='word_1_198' title='bbox 608 2985 690 3031; x_wconf 88' lang='lat' dir='ltr'>esse.</span> <span class='ocrx_word' id='word_1_199' title='bbox 744 2964 1004 3030; x_wconf 87' lang='lat' dir='ltr'>Admirationem</span> <span class='ocrx_word' id='word_1_200' title='bbox 1036 2969 1184 3030; x_wconf 87' lang='lat' dir='ltr'>nostram</span> <span class='ocrx_word' id='word_1_201' title='bbox 1216 2983 1282 3028; x_wconf 93' lang='lat' dir='ltr'>non</span> <span class='ocrx_word' id='word_1_202' title='bbox 1316 2963 1429 3043; x_wconf 87' lang='lat' dir='ltr'>parvis</span> 
     </span>
     <span class='ocr_line' id='line_1_26' title="bbox 249 3070 1429 3155; baseline -0.003 -19"><span class='ocrx_word' id='word_1_203' title='bbox 249 3075 357 3152; x_wconf 75' lang='lat' dir='ltr'>rebus</span> <span class='ocrx_word' id='word_1_204' title='bbox 392 3073 449 3138; x_wconf 91' lang='lat' dir='ltr'>sed</span> <span class='ocrx_word' id='word_1_205' title='bbox 484 3072 612 3155; x_wconf 89' lang='lat' dir='ltr'>magnis</span> <span class='ocrx_word' id='word_1_206' title='bbox 646 3071 848 3138; x_wconf 89' lang='lat' dir='ltr'>commoveri.</span> <span class='ocrx_word' id='word_1_207' title='bbox 911 3070 1016 3152; x_wconf 75' lang='lat' dir='ltr'>Quam</span> <span class='ocrx_word' id='word_1_208' title='bbox 1052 3072 1092 3135; x_wconf 92' lang='lat' dir='ltr'>ob</span> <span class='ocrx_word' id='word_1_209' title='bbox 1125 3089 1192 3134; x_wconf 90' lang='lat' dir='ltr'>rem</span> <span class='ocrx_word' id='word_1_210' title='bbox 1225 3088 1290 3134; x_wconf 94' lang='lat' dir='ltr'>non</span> <span class='ocrx_word' id='word_1_211' title='bbox 1323 3089 1429 3150; x_wconf 87' lang='lat' dir='ltr'>parva</span> 
     </span>
     <span class='ocr_line' id='line_1_27' title="bbox 248 3176 1428 3260; baseline -0.003 -16"><span class='ocrx_word' id='word_1_212' title='bbox 248 3178 383 3244; x_wconf 87' lang='lat' dir='ltr'>flumina</span> <span class='ocrx_word' id='word_1_213' title='bbox 407 3179 555 3258; x_wconf 86' lang='lat' dir='ltr'>quamvis</span> <span class='ocrx_word' id='word_1_214' title='bbox 584 3178 746 3260; x_wconf 88' lang='lat' dir='ltr'>pellucida</span> <span class='ocrx_word' id='word_1_215' title='bbox 771 3178 838 3244; x_wconf 87' lang='lat' dir='ltr'>sint</span> <span class='ocrx_word' id='word_1_216' title='bbox 863 3183 896 3242; x_wconf 92' lang='lat' dir='ltr'>ct</span> <span class='ocrx_word' id='word_1_217' title='bbox 926 3177 1029 3257; x_wconf 89' lang='lat' dir='ltr'>utilia,</span> <span class='ocrx_word' id='word_1_218' title='bbox 1062 3178 1120 3242; x_wconf 91' lang='lat' dir='ltr'>sed</span> <span class='ocrx_word' id='word_1_219' title='bbox 1147 3176 1264 3255; x_wconf 84' lang='lat' dir='ltr'>Nilum,</span> <span class='ocrx_word' id='word_1_220' title='bbox 1296 3176 1428 3256; x_wconf 86' lang='lat' dir='ltr'>Istrum,</span> 
     </span>
     <span class='ocr_line' id='line_1_28' title="bbox 250 3281 1429 3364; baseline -0.004 -14"><span class='ocrx_word' id='word_1_221' title='bbox 250 3286 409 3364; x_wconf 84' lang='lat' dir='ltr'>Rhenum,</span> <span class='ocrx_word' id='word_1_222' title='bbox 442 3292 521 3350; x_wconf 88' lang='lat' dir='ltr'>ante</span> <span class='ocrx_word' id='word_1_223' title='bbox 546 3285 654 3349; x_wconf 90' lang='lat' dir='ltr'>omnia</span> <span class='ocrx_word' id='word_1_224' title='bbox 678 3285 845 3351; x_wconf 90' lang='lat' dir='ltr'>Oceanum</span> <span class='ocrx_word' id='word_1_225' title='bbox 870 3282 1075 3348; x_wconf 87' lang='lat' dir='ltr'>admirabilia</span> <span class='ocrx_word' id='word_1_226' title='bbox 1099 3282 1194 3347; x_wconf 93' lang='lat' dir='ltr'>nobis</span> <span class='ocrx_word' id='word_1_227' title='bbox 1218 3282 1337 3360; x_wconf 87' lang='lat' dir='ltr'>videri;</span> <span class='ocrx_word' id='word_1_228' title='bbox 1369 3281 1429 3346; x_wconf 92' lang='lat' dir='ltr'>mi-</span> 
     </span>
     <span class='ocr_line' id='line_1_29' title="bbox 251 3387 1429 3472; baseline -0.004 -16"><span class='ocrx_word' id='word_1_229' title='bbox 251 3410 379 3472; x_wconf 89' lang='lat' dir='ltr'>nusque</span> <span class='ocrx_word' id='word_1_230' title='bbox 403 3397 542 3456; x_wconf 89' lang='lat' dir='ltr'>mentem</span> <span class='ocrx_word' id='word_1_231' title='bbox 563 3396 710 3456; x_wconf 86' lang='lat' dir='ltr'>nostram</span> <span class='ocrx_word' id='word_1_232' title='bbox 730 3411 836 3472; x_wconf 86' lang='lat' dir='ltr'>parva</span> <span class='ocrx_word' id='word_1_233' title='bbox 854 3391 984 3456; x_wconf 89' lang='lat' dir='ltr'>flamma</span> <span class='ocrx_word' id='word_1_234' title='bbox 1007 3409 1027 3454; x_wconf 96' lang='lat' dir='ltr'>a</span> <span class='ocrx_word' id='word_1_235' title='bbox 1051 3387 1146 3453; x_wconf 87' lang='lat' dir='ltr'>nobis</span> <span class='ocrx_word' id='word_1_236' title='bbox 1169 3406 1309 3452; x_wconf 89' lang='lat' dir='ltr'>accensa</span> <span class='ocrx_word' id='word_1_237' title='bbox 1333 3405 1429 3467; x_wconf 91' lang='lat' dir='ltr'>quam</span> 
     </span>
     <span class='ocr_line' id='line_1_30' title="bbox 253 3493 1429 3575; baseline -0.004 -13"><span class='ocrx_word' id='word_1_238' title='bbox 253 3498 396 3564; x_wconf 87' lang='lat' dir='ltr'>aeternis</span> <span class='ocrx_word' id='word_1_239' title='bbox 428 3497 511 3562; x_wconf 89' lang='lat' dir='ltr'>caeli</span> <span class='ocrx_word' id='word_1_240' title='bbox 541 3497 703 3563; x_wconf 90' lang='lat' dir='ltr'>sideribus</span> <span class='ocrx_word' id='word_1_241' title='bbox 735 3496 895 3563; x_wconf 87' lang='lat' dir='ltr'>concitari</span> <span class='ocrx_word' id='word_1_242' title='bbox 919 3501 978 3560; x_wconf 91' lang='lat' dir='ltr'>aut</span> <span class='ocrx_word' id='word_1_243' title='bbox 1003 3497 1131 3560; x_wconf 86' lang='lat' dir='ltr'>Aetnae</span> <span class='ocrx_word' id='word_1_244' title='bbox 1162 3493 1356 3575; x_wconf 84' lang='lat' dir='ltr'>crateribus,</span> <span class='ocrx_word' id='word_1_245' title='bbox 1390 3511 1429 3557; x_wconf 88' lang='lat' dir='ltr'>ex</span> 
     </span>
     <span class='ocr_line' id='line_1_31' title="bbox 251 3599 1430 3686; baseline -0.003 -18"><span class='ocrx_word' id='word_1_246' title='bbox 251 3605 368 3684; x_wconf 92' lang='lat' dir='ltr'>quibus</span> <span class='ocrx_word' id='word_1_247' title='bbox 399 3622 499 3684; x_wconf 87' lang='lat' dir='ltr'>rupes</span> <span class='ocrx_word' id='word_1_248' title='bbox 530 3609 564 3668; x_wconf 88' lang='grc'>11</span> <span class='ocrx_word' id='word_1_249' title='bbox 591 3603 714 3686; x_wconf 89' lang='lat' dir='ltr'>integri</span> <span class='ocrx_word' id='word_1_250' title='bbox 742 3605 842 3669; x_wconf 89' lang='lat' dir='ltr'>eolles</span> <span class='ocrx_word' id='word_1_251' title='bbox 867 3603 1029 3668; x_wconf 86' lang='lat' dir='ltr'>eiciantur</span> <span class='ocrx_word' id='word_1_252' title='bbox 1053 3607 1087 3666; x_wconf 88' lang='lat' dir='ltr'>et</span> <span class='ocrx_word' id='word_1_253' title='bbox 1109 3602 1273 3666; x_wconf 83' lang='lat' dir='ltr'>interdum</span> <span class='ocrx_word' id='word_1_254' title='bbox 1296 3599 1430 3664; x_wconf 88' lang='lat' dir='ltr'>flumina</span> 
     </span>
     <span class='ocr_line' id='line_1_32' title="bbox 250 3705 1429 3793; baseline -0.003 -19"><span class='ocrx_word' id='word_1_255' title='bbox 250 3710 336 3793; x_wconf 89' lang='lat' dir='ltr'>ignis</span> <span class='ocrx_word' id='word_1_256' title='bbox 374 3709 562 3792; x_wconf 89' lang='lat' dir='ltr'>terrigenae</span> <span class='ocrx_word' id='word_1_257' title='bbox 597 3710 772 3791; x_wconf 90' lang='lat' dir='ltr'>profluant.</span> <span class='ocrx_word' id='word_1_258' title='bbox 829 3711 961 3791; x_wconf 87' lang='lat' dir='ltr'>Itaque,</span> <span class='ocrx_word' id='word_1_259' title='bbox 998 3709 1084 3788; x_wconf 90' lang='lat' dir='ltr'>quod</span> <span class='ocrx_word' id='word_1_260' title='bbox 1121 3707 1163 3772; x_wconf 90' lang='lat' dir='ltr'>ad</span> <span class='ocrx_word' id='word_1_261' title='bbox 1197 3705 1429 3771; x_wconf 87' lang='lat' dir='ltr'>sublimitatem</span> 
     </span>
     <span class='ocr_line' id='line_1_33' title="bbox 242 3812 1429 3897; baseline -0.003 -18"><span class='ocrx_word' id='word_1_262' title='bbox 242 3817 404 3897; x_wconf 88' lang='lat' dir='ltr'>attineat,</span> <span class='ocrx_word' id='word_1_263' title='bbox 434 3815 571 3897; x_wconf 89' lang='lat' dir='ltr'>primum</span> <span class='ocrx_word' id='word_1_264' title='bbox 596 3835 707 3882; x_wconf 90' lang='lat' dir='ltr'>omnes</span> <span class='ocrx_word' id='word_1_265' title='bbox 730 3817 803 3882; x_wconf 91' lang='lat' dir='ltr'>illos</span> <span class='ocrx_word' id='word_1_266' title='bbox 827 3815 917 3882; x_wconf 89' lang='lat' dir='ltr'>viros</span> <span class='ocrx_word' id='word_1_267' title='bbox 941 3833 1135 3895; x_wconf 89' lang='lat' dir='ltr'>quamquam</span> <span class='ocrx_word' id='word_1_268' title='bbox 1158 3812 1249 3879; x_wconf 84' lang='lat' dir='ltr'>uitiis</span> <span class='ocrx_word' id='word_1_269' title='bbox 1272 3813 1429 3877; x_wconf 89' lang='lat' dir='ltr'>immunes</span> 
     </span>
     <span class='ocr_line' id='line_1_34' title="bbox 250 3918 1430 4000; baseline -0.003 -13"><span class='ocrx_word' id='word_1_270' title='bbox 250 3942 315 3988; x_wconf 93' lang='lat' dir='ltr'>non</span> <span class='ocrx_word' id='word_1_271' title='bbox 337 3922 463 3988; x_wconf 84' lang='lat' dir='ltr'>fuerint</span> <span class='ocrx_word' id='word_1_272' title='bbox 482 3927 593 3988; x_wconf 91' lang='lat' dir='ltr'>tamen</span> <span class='ocrx_word' id='word_1_273' title='bbox 615 3941 739 3988; x_wconf 90' lang='lat' dir='ltr'>omnem</span> <span class='ocrx_word' id='word_1_274' title='bbox 758 3923 887 3988; x_wconf 90' lang='lat' dir='ltr'>modum</span> <span class='ocrx_word' id='word_1_275' title='bbox 906 3924 1081 3987; x_wconf 90' lang='lat' dir='ltr'>humanum</span> <span class='ocrx_word' id='word_1_276' title='bbox 1101 3919 1292 4000; x_wconf 83' lang='lat' dir='ltr'>excessisse,</span> <span class='ocrx_word' id='word_1_277' title='bbox 1313 3918 1430 3984; x_wconf 88' lang='lat' dir='ltr'>deinde</span> 
     </span>
     <span class='ocr_line' id='line_1_35' title="bbox 252 4012 1430 4108; baseline -0.004 -15"><span class='ocrx_word' id='word_1_278' title='bbox 252 4029 325 4094; x_wconf 92' lang='lat' dir='ltr'>aliis</span> <span class='ocrx_word' id='word_1_279' title='bbox 356 4030 455 4094; x_wconf 90' lang='lat' dir='ltr'>rebus</span> <span class='ocrx_word' id='word_1_280' title='bbox 483 4029 658 4094; x_wconf 90' lang='lat' dir='ltr'>humanam</span> <span class='ocrx_word' id='word_1_281' title='bbox 687 4036 841 4094; x_wconf 89' lang='lat' dir='ltr'>naturam</span> <span class='ocrx_word' id='word_1_282' title='bbox 873 4048 983 4093; x_wconf 93' lang='lat' dir='ltr'>eorum</span> <span class='ocrx_word' id='word_1_283' title='bbox 1013 4027 1067 4108; x_wconf 93' lang='lat' dir='ltr'>qui</span> <span class='ocrx_word' id='word_1_284' title='bbox 1096 4027 1136 4092; x_wconf 90' lang='lat' dir='ltr'>iis</span> <span class='ocrx_word' id='word_1_285' title='bbox 1164 4031 1303 4092; x_wconf 91' lang='lat' dir='ltr'>utantur</span> <span class='ocrx_word' id='word_1_286' title='bbox 1331 4012 1430 4090; x_wconf 87' lang='lat' dir='ltr'>facile</span> 
     </span>
     <span class='ocr_line' id='line_1_36' title="bbox 252 4131 1429 4215; baseline -0.004 -15"><span class='ocrx_word' id='word_1_287' title='bbox 252 4135 391 4215; x_wconf 87' lang='lat' dir='ltr'>ostendi,</span> <span class='ocrx_word' id='word_1_288' title='bbox 423 4155 495 4200; x_wconf 89' lang='lat' dir='ltr'>cum</span> <span class='ocrx_word' id='word_1_289' title='bbox 523 4135 579 4214; x_wconf 93' lang='lat' dir='ltr'>qui</span> <span class='ocrx_word' id='word_1_290' title='bbox 609 4135 804 4200; x_wconf 90' lang='lat' dir='ltr'>sublimitati</span> <span class='ocrx_word' id='word_1_291' title='bbox 841 4134 998 4200; x_wconf 91' lang='lat' dir='ltr'>studeant</span> <span class='ocrx_word' id='word_1_292' title='bbox 1028 4135 1070 4198; x_wconf 92' lang='lat' dir='ltr'>ad</span> <span class='ocrx_word' id='word_1_293' title='bbox 1100 4135 1233 4198; x_wconf 91' lang='lat' dir='ltr'>deorum</span> <span class='ocrx_word' id='word_1_294' title='bbox 1264 4131 1429 4214; x_wconf 89' lang='lat' dir='ltr'>magnitu-</span> 
     </span>
     <span class='ocr_line' id='line_1_37' title="bbox 251 4236 1429 4325; baseline -0.005 -18"><span class='ocrx_word' id='word_1_295' title='bbox 251 4241 357 4308; x_wconf 88' lang='lat' dir='ltr'>dinem</span> <span class='ocrx_word' id='word_1_296' title='bbox 395 4241 584 4318; x_wconf 86' lang='lat' dir='ltr'>efferantur‚</span> <span class='ocrx_word' id='word_1_297' title='bbox 619 4240 759 4325; x_wconf 90' lang='lat' dir='ltr'>denique</span> <span class='ocrx_word' id='word_1_298' title='bbox 789 4260 862 4305; x_wconf 91' lang='lat' dir='ltr'>cum</span> <span class='ocrx_word' id='word_1_299' title='bbox 891 4239 1079 4305; x_wconf 88' lang='lat' dir='ltr'>immunitas</span> <span class='ocrx_word' id='word_1_300' title='bbox 1109 4239 1264 4304; x_wconf 89' lang='lat' dir='ltr'>vitiorum</span> <span class='ocrx_word' id='word_1_301' title='bbox 1294 4256 1314 4301; x_wconf 88' lang='lat' dir='ltr'>a</span> <span class='ocrx_word' id='word_1_302' title='bbox 1341 4236 1429 4303; x_wconf 87' lang='lat' dir='ltr'>vitu-</span> 
     </span>
     <span class='ocr_line' id='line_1_38' title="bbox 251 4343 1430 4436; baseline -0.005 -23"><span class='ocrx_word' id='word_1_303' title='bbox 251 4348 423 4428; x_wconf 89' lang='lat' dir='ltr'>peratione</span> <span class='ocrx_word' id='word_1_304' title='bbox 446 4347 551 4412; x_wconf 91' lang='lat' dir='ltr'>libera</span> <span class='ocrx_word' id='word_1_305' title='bbox 575 4347 628 4429; x_wconf 85' lang='lat' dir='ltr'>sit,</span> <span class='ocrx_word' id='word_1_306' title='bbox 654 4347 881 4430; x_wconf 90' lang='lat' dir='ltr'>magnitudine</span> <span class='ocrx_word' id='word_1_307' title='bbox 906 4344 1154 4436; x_wconf 85' lang='lat' dir='ltr'>admirationem</span> <span class='ocrx_word' id='word_1_308' title='bbox 1175 4343 1271 4410; x_wconf 88' lang='lat' dir='ltr'>effici.</span> <span class='ocrx_word' id='word_1_309' title='bbox 1317 4344 1430 4422; x_wconf 87' lang='lat' dir='ltr'>Neque</span> 
     </span>
    </p>
   </div>
   <div class='ocr_carea' id='block_1_3' title="bbox 0 0 1640 5002">
    <p class='ocr_par' dir='ltr' id='par_1_4' title="bbox 0 0 1640 5002">
     <span class='ocr_line' id='line_1_39' title="bbox 0 0 1640 5002; baseline 0 0"><span class='ocrx_word' id='word_1_310' title='bbox 0 0 1640 5002; x_wconf 95' lang='lat' dir='ltr'> </span> 
     </span>
    </p>
   </div>
  </div>
 </body>
</html>
