3268 5002
763 293 983 356 ...22-

287 492 362 555 ποτὲ
382 489 532 574 ὠφελείας
551 488 690 572 (trooh.).
721 487 895 553 Numerale
914 507 978 553 uno
998 488 1070 554 ioco
1090 489 1191 554 verbo
1211 508 1230 552 a
1250 486 1468 553 substantivo

227 613 232 628 ·
288 593 486 660 secernitur:
521 594 552 673 9,
573 595 592 659 5
617 598 667 661 διά
690 597 760 681 μίαν
780 598 928 682 ἐμφύεται
947 607 1008 674 τοῖς
1032 598 1135 682 λύγοις
1159 596 1257 663 αἰτίαν
1282 593 1467 678 (paeones).

288 701 360 767 Non
380 721 454 767 raro
472 721 650 782 pronomen
667 701 821 767 attributi
835 721 968 767 munere
984 699 1142 786 fungitur.
1177 700 1277 768 Cuius
1295 700 1468 782 separatio

288 807 338 873 his
353 808 434 873 loois
450 811 550 874 verbo
567 809 618 874 fit:
644 810 753 890 36,12
773 812 868 889 εὐθὺς
892 809 940 876 ἐπ’
956 813 1038 876 ἄλλα
1058 812 1219 897 μεθήλατο
1238 812 1397 877 ἀσύνδετα
1416 813 1469 875 καί

287 919 493 1003 ἐπαναφοράς.
519 918 629 996 36,17
649 920 748 1004 ἀλλην
771 919 1118 1005 ποιούμενος’ἐμβολην.
1165 918 1217 998 36,
1243 916 1286 981 23
1310 919 1332 1004 ἡ
1357 917 1469 997 ἀταξία

287 1021 377 1090 ποιὰν
401 1025 618 1111 περιλαμβάνει
641 1026 735 1104 τάξιν.
760 1024 813 1102 51,
838 1025 858 1090 8
883 1027 966 1091 ἀλλὰ
989 1031 1048 1111 μὴν
1069 1028 1141 1091 οὐδὲ
1165 1028 1264 1092 ἐκεῖνο
1295 1027 1404 1111 ἀγνοῶ
1434 1028 1468 1090 τὸ

288 1133 438 1217 δεύτερον.
485 1132 538 1210 41,
564 1130 584 1194 5
617 1134 717 1198 πάντα
745 1135 779 1198 δὲ
805 1137 994 1198 τὰτοιαῦτα
1017 1170 1060 1178 -
1084 1130 1132 1198 ἐπ’
1156 1137 1257 1198 αὐτῶν
1280 1135 1387 1219 ἵστησι
1416 1137 1469 1198 τὸν

287 1241 443 1324 ἀκροατὴν
458 1249 520 1304 τῶν
536 1240 772 1325 ἐνεργουμένων.
815 1239 867 1316 25,
882 1240 924 1302 26
943 1240 997 1306 καί
1014 1264 1051 1326 γε
1070 1241 1189 1322 τούτου,
1210 1240 1350 1325 φίλτατε,
1376 1240 1469 1325 ἀπρίξ

288 1345 439 1431 ἐχώμεθα
462 1357 516 1410 τοῦ
540 1359 670 1411 σκοποῦ.
721 1345 973 1412 Substantivum
998 1345 1207 1412 substantivo
1232 1347 1274 1411 ab
1299 1345 1468 1412 attributo

289 1449 506 1531 pronominali
526 1451 709 1517 secernitur
739 1453 769 1532 8,
796 1453 838 1518 10
866 1458 937 1520 οὐδὲ
966 1467 1056 1520 τούτο
1081 1456 1254 1540 Ξενοφῶντι
1283 1459 1320 1520 τὸ
1346 1458 1468 1541 ψυχρὸν

288 1561 463 1626 κατέλιπεν.
510 1558 684 1626 Adiectivo
709 1561 955 1627 substantivum
974 1567 1007 1625 et
1030 1562 1286 1642 pronomenflre,
1305 1561 1349 1625 15
1370 1579 1467 1642 sepa·

288 1671 406 1732 rentur
421 1673 534 1746 παντὸς
550 1669 740 1754 ὑψηλότερον
756 1671 861 1755 λύγου.
890 1667 1003 1733 Etiam
1018 1667 1178 1734 numerali
1194 1667 1293 1734 semel
1309 1669 1468 1733 substan-

289 1772 392 1839 tivum
409 1794 429 1838 a
445 1773 635 1854 pronomine
652 1780 828 1856 separatur
845 1777 896 1857 17,
910 1777 945 1840 4;
966 1778 1173 1855 συντεθεικὼς
1189 1778 1302 1861 ταύτην
1319 1777 1468 1862 δευτέραν

288 1888 342 1968 την
359 1885 519 1949 ύπύθεσιν.
548 1882 725 1947 Vocabulis
746 1901 829 1964 quae
849 1883 997 1950 adverbii
1015 1883 1081 1976 vim
1099 1883 1222 1948 habent
1239 1882 1369 1948 duobus
1384 1881 1467 1947 loeis

289 1988 534 2054 substantivum
557 2010 577 2053 a
601 1989 791 2070 pronomine
815 1996 1024 2073 segregatur:
1051 1992 1103 2071 21,
1123 1991 1163 2055 10
1188 1995 1280 2076 ὅνπερ
1304 1990 1389 2077 οίμαι
1414 1993 1467 2056 καί

289 2099 338 2161 ἐπί
361 2108 422 2162 τῶν
445 2098 605 2184 χειμώνων
628 2100 750 2183 τρόπον.
807 2098 860 2178 29,
881 2098 923 2160 24
947 2100 1100 2176 κάκείνοις
1124 2101 1183 2164 ὑπὸ
1207 2099 1381 2184 φιλοτιμίας
1404 2109 1467 2175 τοῖς

289 2205 438 2282 κινδύνοις
474 2205 681 2291 προσβιβάζει.
746 2203 954 2270 Attributum
988 2211 1097 2270 autem
1130 2205 1216 2284 quod
1249 2222 1289 2268 ex
1323 2203 1466 2269 articulo

290 2308 427 2389 aliisque
442 2310 612 2376 vocabulis
631 2310 784 2376 consistit
807 2310 872 2376 nisi
887 2313 988 2378 verbo
1012 2331 1032 2376 a
1056 2329 1114 2378 suo
1139 2309 1350 2378 substantivo
1369 2331 1466 2394 sepa-

289 2423 398 2480 ratum
428 2436 493 2481 nou
527 2423 587 2482 est.
633 2417 716 2483 Sunt
747 2424 857 2483 autern
880 2417 914 2483 hi
936 2418 1015 2483 iooi:
1046 2419 1139 2500 2,18
1169 2422 1222 2484 καί
1251 2429 1317 2496 ταῖς
1346 2422 1466 2485 ἑαυτῶν

290 2526 471 2611 περιέβαλον
490 2526 642 2605 εύκλείαις
665 2532 717 2593 τὸν
741 2528 838 2593 αἰῶνα
857 2525 973 2611 (trooh.
997 2545 1069 2591 oum
1087 2525 1251 2610 molosso).
1293 2527 1384 2604 4,11
1411 2532 1466 2612 τὴν

290 2634 339 2697 ἐπί
355 2643 416 2700 τῶν
432 2634 641 2719 προκειμένων
657 2635 807 2719 ἡγήσαιτο
824 2635 960 2721 θεωρίαν
977 2633 1053 2718 (duo
1070 2634 1210 2716 giyoon).
1236 2633 1342 2715 31,17
1360 2637 1377 2699 ὁ
1396 2635 1465 2720 περί

290 2741 459 2826 σχημάτων
478 2742 587 2825 ἐφεξῆς
602 2742 746 2805 τέτακται
761 2744 855 2820 τύπος
870 2741 993 2822 (baooh.
1009 2740 1062 2806 vel
1082 2741 1183 2824 oret).
1210 2741 1260 2817 14,
1280 2741 1321 2805 15
1340 2753 1379 2828 τῇ
1394 2743 1465 2807 τότε

290 2848 482 2931 συμπολεμεῖ
499 2850 551 2911 καί
568 2850 794 2933 συγκινδυνεύει
811 2850 905 2936 μάχη.
945 2848 997 2929 37,
1013 2849 1054 2911 16
1070 2853 1124 2933 τὴν
1140 2851 1177 2913 ἐκ
1200 2859 1254 2913 τοῦ
1273 2853 1355 2913 κατά
1375 2850 1465 2935 φύσιν

291 2954 395 3039 είρμοῦ
415 2955 565 3033 παντοίως
585 2960 660 3040 πρὸς
680 2956 786 3041 μυρίας
801 2959 916 3041 τροπάς
933 2957 1152 3022 ἐναλλάττουσι
1168 2956 1251 3034 τάξιν
1271 2953 1316 3040 (ί).
1353 2954 1462 3031 46,11

290 3063 412 3128 ύκατά
434 3074 496 3128 τῶν
519 3066 677 3149 προδοτῶν
705 3065 892 3148 ἐπιπροσθεῖ
911 3074 965 3128 τοῦ
989 3064 1116 3148 ῥήτορος
1140 3064 1239 3147 θυμός
1264 3061 1309 3146 (ί).

380 3168 590 3234 Substantivi
613 3174 646 3233 et
670 3167 817 3251 genetivi
840 3171 882 3234 ab
906 3189 944 3234 eo
969 3168 1143 3249 pendentis
1163 3167 1330 3248 separatio
1350 3169 1464 3234 eodem

290 3276 384 3340 modo
413 3275 523 3341 verbis
552 3275 724 3341 ariieetivis
755 3276 921 3341 adverbiis
950 3274 1103 3341 efficitur.
1153 3275 1214 3340 His
1244 3282 1353 3340 autern
1381 3273 1464 3339 locis

291 3381 536 3448 substantivum
559 3388 592 3447 et
616 3382 790 3466 genetivus
813 3383 922 3448 verbis
943 3383 1181 3449 dissolvuntur:
1209 3383 1239 3462 4,
1265 3385 1285 3446 2
1309 3386 1386 3469 ὑπὲρ
1409 3392 1463 3447 τοῦ

290 3503 394 3556 κοινοῦ
417 3502 479 3556 τῶν
502 3492 680 3576 ἀνθρώπων
703 3491 904 3576 ἀποφαίνεται
929 3492 1003 3577 βίου.
1047 3492 1097 3571 16,
1124 3491 1143 3554 2
1167 3492 1262 3568 εὐθὺς
1286 3493 1318 3557 ἐν
1341 3503 1378 3576 τῇ
1403 3491 1463 3555 eio-

291 3598 367 3683 βολῇ
391 3599 513 3682 γράψας
535 3608 597 3663 τῶν
621 3599 731 3682 νύμων.
769 3598 819 3671 16,
838 3598 856 3659 7
881 3603 935 3683 τὴν
959 3609 1020 3663 τῶν
1039 3595 1199 3682 Ἑλλήνων
1222 3597 1326 3684 ἐπέχει
1350 3599 1462 3683 μάχην.

291 3704 343 3780 27,
366 3703 406 3766 18
426 3708 501 3789 πρὸς
519 3708 571 3769 τὸν
590 3717 643 3789 τῆς
663 3705 887 3789 ὑστεροφημίας
907 3707 987 3782 ὅλως
1003 3708 1043 3789 μὴ
1060 3705 1326 3790 τελεσφορούμενα
1341 3706 1461 3790 χρόνον.

291 3811 343 3889 31,
377 3810 418 3873 19
442 3814 500 3875 οὐκ
524 3815 561 3876 άν
583 3813 603 3896 ἡ
626 3823 764 3896 τυχοῦσα
794 3812 947 3895 μεγέθους
977 3814 1023 3896 εἴη
1055 3812 1146 3896 μερίς.
1194 3811 1246 3888 32,
1273 3811 1314 3874 12
1342 3815 1377 3875 τὸ
1402 3820 1463 3874 τῶν

291 3921 357 3983 ἐκεῖ
377 3920 699 4002 προκινδυνευσάντων
727 3920 856 3995 ἐντιθείς
881 3919 1031 4004 φρόνημα.
1079 3917 1131 3996 33,
1157 3919 1197 3980 17
1221 3923 1257 3982 τὸ
1279 3929 1333 3982 τού
1357 3918 1463 3992 τέλους

291 4027 496 4110 διακέκλοφεν
530 4029 634 4111 ὄνομα.
693 4025 745 4104 37,
780 4025 800 4088 6
834 4030 889 4111 τὴν
917 4030 976 4111 γάρ
1010 4026 1191 4110 ἐλευθερίαν
1228 4026 1376 4090 ἀπολλύει
1408 4031 1462 4087 τοῦ

291 4135 414 4220 δρύμου.
447 4131 499 4209 38,
520 4132 540 4196 5
560 4137 615 4218 τὴν
629 4143 691 4198 τῶν
707 4134 868 4218 νοημάτων
885 4133 1053 4218 ἀνέστρεφε
1068 4133 1161 4211 τάξιν.
1197 4130 1249 4212 55,
1264 4132 1282 4195 7
1300 4133 1328 4196 οἱ
1343 4133 1462 4197 ίσύθεοι

291 4243 401 4308 ἐκεῖνοι
432 4243 484 4304 καί
512 4251 574 4307 τῶν
603 4241 753 4326 μεγίστων
782 4241 998 4325 ἐπορεξάμενοι
1028 4245 1081 4324 τὴς
1105 4250 1294 4324 συγγραφῆς.
1342 4238 1394 4318 65,
1421 4233 1461 4297 16

289 4351 309 4433 ἢ
340 4353 458 4434 σωροὺς
491 4349 639 4434 ὀνομάσαι
670 4348 822 4414 παντοίων
851 4349 1043 4432 σπερμάτων.
1098 4345 1149 4424 18,
1184 4345 1226 4410 22
1254 4350 1289 4410 τὸ
1319 4356 1380 4412 τῶν
1411 4343 1464 4426 ἐμ·
