3268 5002
655 310 877 375 ..63-

180 504 413 570 1111111111111
428 508 497 592 περὶ
513 507 609 590 ὕψους
628 524 707 571 usus
728 505 771 570 sit
790 507 928 586 ratione,
950 504 1200 588 diligentissime
1219 505 1357 570 tractati

179 611 256 691 sint,
277 613 319 676 ad
336 632 407 676 cam
423 609 688 678 dissertationem
706 613 846 678 lectores
862 631 1064 678 revocamus,
1105 613 1155 676 Do
1172 631 1229 676 sex
1246 618 1355 677 autem

178 718 258 784 locis
289 718 383 784 nobis
412 720 574 802 agendum
602 719 673 784 erit.
721 721 769 785 Ac
798 719 936 801 primum
967 718 1096 799 quidem
1124 725 1192 784 tres
1221 724 1356 784 exstant

178 827 297 907 quibus
329 833 500 908 poetarum
533 827 635 892 uerba
667 826 716 891 ita
748 826 927 892 laudantur
960 832 996 891 ut
1029 845 1141 892 eorum
1174 825 1305 892 1111111
1338 844 1356 890 1

177 939 260 1000 κατὰ
292 933 537 1015 praepositione
569 933 749 1014 pendentia
783 934 816 998 11
849 933 964 998 mediis
997 933 1147 1000 versibus
1180 940 1355 1014 ponantur.

178 1041 278 1105 Velut
313 1042 365 1120 61,
400 1043 420 1104 6
456 1040 669 1122 philosophus
703 1041 736 1105 in
772 1040 827 1106 illo
864 1039 1101 1106 sententiarum
1137 1047 1252 1106 tenore
1291 1060 1353 1119 quo

178 1167 330 1214 verorum
364 1154 531 1213 oratorum
564 1147 695 1229 inopiae
728 1166 861 1213 causant
895 1147 1087 1214 servitutem
1122 1166 1200 1212 suae
1233 1147 1355 1212 aetatis

178 1273 251 1320 esse
284 1274 390 1334 neque
422 1255 523 1321 ullum
556 1273 684 1320 servum
715 1260 879 1320 oratorem
902 1253 973 1320 lieri
997 1253 1177 1334 contendit,
1209 1255 1289 1320 haec
1313 1255 1355 1318 ad

178 1361 377 1428 sententiam
400 1347 592 1428 firmandam
617 1360 728 1427 diceus
752 1361 932 1426 inducitur:
973 1361 1075 1449 ‘traco
1103 1367 1162 1448 γὰρ
1187 1360 1214 1428 a*
1237 1360 1355 1449 ἀρετῆξ

177 1475 261 1536 κατὰ
289 1475 342 1536 τὸν
369 1468 505 1556 Ὅμηρον
533 1467 729 1535 (ἀποαίνυται
758 1472 879 1535 δούλιον
907 1467 1013 1555 ἠμαρῖ
1068 1468 1160 1549 Quae
1189 1470 1291 1534 verba
1324 1467 1357 1532 iu

179 1576 330 1658 Odyssea
354 1574 384 1662 (ρ
408 1575 567 1658 3221323)
592 1582 734 1641 exstant.
782 1577 901 1640 Verum
926 1574 1245 1657 Pseudo-Longinus
1275 1575 1357 1640 duos

179 1703 296 1750 versus
320 1682 376 1762 qui
399 1682 445 1746 ibi
468 1685 624 1764 leguntur

361 1848 454 1931 11111
477 1845 536 1930 γάρ
560 1843 586 1909 τ’
610 1847 720 1930 ἀρετῆς
743 1845 923 1910 ἀποαίνυται
948 1847 1084 1931 adpotus
1107 1845 1183 1922 Ζεὺς

362 1971 477 2055 ἀνέρος,
503 1967 564 2034 εὖτ’
589 1973 625 2035 ἂν
650 1972 698 2056 μὶν
721 1974 803 2034 κατὰ
826 1972 947 2034 δούλιον
971 1969 1052 2056 ἦμαρ
1077 1972 1181 2056 ἕλῃσιν

189 2111 219 2175 11
249 2131 345 2178 unum
375 2111 552 2178 contraxit.
604 2111 697 2176 Haec
730 2117 807 2176 sunt
838 2110 967 2176 Herseli
997 2112 1100 2177 uerba
1133 2113 1175 2196 (1.
1199 2112 1276 2195 49.);
1312 2110 1355 2175 ‘in

192 2225 299 2298 aperto
325 2225 385 2298 est,
417 2237 476 2282 cur
498 2217 818 2302 Pseudo-Longinus
847 2238 887 2283 ex
911 2220 1037 2284 duobus
1061 2218 1211 2284 versibus
1234 2219 1356 2284 Home-

185 2325 256 2390 ricis
290 2363 628 2372 ——————
663 2325 781 2390 fecerit
814 2344 927 2406 unum;
967 2344 1038 2389 oum
1074 2325 1159 2390 enim
1191 2326 1253 2389 hac
1287 2326 1356 2390 sola

182 2433 356 2512 sententia,
389 2431 580 2498 servitutem
614 2431 764 2512 abripere
794 2431 958 2496 dimidium
982 2431 1116 2497 virtutis
1144 2431 1274 2513 homini,
1307 2431 1356 2496 uti

180 2541 289 2618 vellet,
324 2539 441 2604 omisso
474 2539 529 2603 illo
563 2538 788 2604 additamento
821 2538 1050 2622 mythologico,
1085 2539 1171 2618 quod
1200 2539 1356 2604 habemus

179 2648 268 2728 apud
286 2648 473 2727 Homerum,
499 2645 532 2710 id
556 2652 685 2711 tantum
705 2645 878 2710 memoriae
896 2645 1059 2724 infixerat,
1085 2665 1149 2725 quo
1169 2645 1357 2710 continetur

177 2773 304 2819 summa
327 2753 414 2818 illius
439 2753 624 2818 sententiae
647 2753 681 2817 11
705 2751 864 2818 versibus,
899 2753 986 2818 Casu
1010 2761 1119 2817 autem
1144 2751 1354 2834 factumest,

177 2867 216 2927 ut
245 2862 348 2926 verba
378 2861 483 2926 citata
510 2901 554 2906 —
578 2898 620 2906 —
647 2860 680 2924 in
709 2879 840 2926 versum
869 2861 1093 2925 hexametrum
1122 2859 1264 2941 coirent;
1297 2878 1356 2924 nec

176 2978 289 3033 tamen
315 2969 396 3032 adeo
421 2975 472 3032 est
495 2969 611 3033 mirum
634 2968 667 3032 in
687 2967 797 3033 verbis
816 2967 897 3048 ipsis
917 2985 957 3031 ex
976 2967 1175 3032 hexametris
1196 2966 1355 3047 sumptis.

179 3074 257 3140 Alio
282 3074 354 3140 loco
378 3076 521 3156 scriptor
539 3075 712 3140 Platonem
737 3093 801 3139 non
826 3080 940 3139 111111
964 3073 1106 3139 virtutes
1126 3075 1357 3139 adsecuturum

178 3181 286 3248 fuisse
318 3182 407 3263 dicit,
437 3181 501 3246 nisi
531 3201 603 3246 cum
626 3183 770 3247 Homero
799 3182 838 3245 de
867 3180 1056 3262 principatu
1081 3181 1167 3245 omni
1190 3180 1224 3248 vi
1247 3189 1355 3245 certa-

178 3289 292 3356 vissct.
338 3290 420 3354 Tum
448 3289 571 3372 pergit:
604 3289 725 3376 ’ἀγαθὴ
756 3288 825 3376 γὰρ’
853 3293 935 3354 κατὰ
964 3294 1016 3354 τὸν
1040 3287 1179 3354 Ἡσίοδον
1203 3287 1274 3374 Ἔρις
1301 3292 1357 3373 ἣδε

177 3396 331 3485 βροτοῖσι’.
379 3397 471 3478 Quae
499 3398 601 3462 verba
630 3398 671 3461 11
695 3395 841 3461 Hesiodo
871 3395 1044 3478 (01124)
1074 3395 1255 3475 composita
1279 3403 1357 3459 1111

179 3503 366 3589 (Η11111111
383 3524 412 3585 p.
427 3504 488 3584 18).
520 3502 666 3568 Tertium
684 3504 774 3567 locus
791 3502 990 3582 Sophocleus
1008 3523 1026 3566 a
1043 3503 1174 3567 rhetore
1190 3502 1354 3567 laudatur.

178 3612 274 3675 Inter
289 3629 345 3674 eos
362 3609 395 3674 in
416 3630 550 3690 quorum
571 3609 704 3691 scriptis
724 3609 841 3674 nimius
866 3617 974 3674 tumor
993 3609 1037 3673 sit
1057 3609 1256 3673 111111111111
1276 3628 1356 3689 quo-

179 3736 243 3798 que
274 3735 345 3782 esse
377 3717 465 3783 dicit.
522 3717 717 3795 Vilissimus,
747 3716 864 3798 inquit,
895 3723 946 3781 est
976 3723 1007 3781 11
1037 3715 1163 3803 ‘occur’
1193 3721 1275 3783 κατὰ
1304 3723 1357 3783 τὸν

178 3825 346 3910 Σοφοκλέα
369 3823 496 3911 “μικροῖς
520 3829 574 3910 μὲν
598 3827 780 3907 oa'rhicaotct⁷
806 3826 948 3910 φορβειοῐς
972 3823 999 3889 δ’
1010 3829 1091 3911 ἄτερ.
1139 3822 1231 3903 Quae
1254 3823 1357 3889 verba

182 3931 420 3994 aBuechelero
438 3931 529 4009 (mus.
546 3931 648 3995 Rhen.
666 3931 827 3995 XXXIX.
844 3951 874 4010 p.
893 3931 977 4012 274.)
1012 3930 1181 4010 Sophoclis
1198 3930 1357 4011 Orithyae

180 4037 418 4116 attribuuntur,
434 4038 526 4103 cuius
543 4057 658 4102 nomen
676 4057 716 4102 ex
733 4037 985 4118 Sophocle-arum
1002 4036 1245 4119 tragoediarum
1262 4042 1356 4100 cata-

180 4145 254 4228 logo
277 4144 482 4210 eximendum
503 4164 576 4210 esse
592 4143 864 4210 Wilamowitzius
884 4143 919 4208 11
940 4145 1048 4209 Herm.
1072 4144 1124 4222 10,
1145 4163 1174 4224 p.
1191 4144 1256 4207 334
1278 4162 1355 4208 con-

180 4252 288 4318 tendit
317 4251 500 4337 (Herselius
520 4273 550 4334 p.
570 4253 625 4317 19:
649 4256 718 4333 ‘pro
739 4252 846 4316 lubitu
862 4251 1194 4333 Pseudo-Longinum
1210 4258 1355 4315 mutasse

181 4359 350 4440 Sophoclis
374 4360 572 4424 sententiam
596 4377 788 4440 persuasum
812 4359 949 4438 lrabeo’).
1217 4355 1219 4360 ’
