3268 5002
669 328 885 390 -45-

280 523 330 587 De
353 521 594 603 metaphoris
618 541 702 602 (ulae
731 527 864 604 praeter
891 524 1065 589 verborum
1093 524 1254 589 delectum
1282 523 1361 589 mul-

189 635 260 694 tum
299 630 341 694 ad
380 627 562 694 orationem
605 628 773 695 sublimem
816 631 1014 695 reddendam
1058 630 1172 696 valent
1214 631 1361 697 Pseudo-

188 735 362 820 Longinus
385 735 494 817 capite
513 737 555 800 32
582 736 666 820 agit3
697 755 834 817 quarum
858 756 952 802 usum
971 737 1071 803 certis
1090 737 1277 819 praeceptis
1296 757 1361 804 non

188 843 439 924 circumscribit,
472 844 530 908 sed
559 843 802 909 multitudinem
826 853 937 909 earum
961 844 1058 910 aliter
1081 865 1177 924 quam
1201 844 1362 911 Caecilius

187 949 337 1016 adfectui
378 949 541 1031 permittit
582 969 642 1016 nec
684 951 768 1016 tales
813 952 1080 1032 metaphorarum
1126 951 1268 1017 medelas
1310 951 1363 1017 vel

187 1057 405 1124 emollitiones
429 1063 466 1122 ut
490 1060 631 1144 ὡσπερεί,
661 1059 752 1125 οἱονεί
775 1057 868 1137 alias,
900 1057 1019 1139 quibus
1042 1058 1190 1124 nonnulli
1213 1059 1362 1124 rhetores

188 1163 362 1230 audaciam
389 1163 655 1245 metaphorarum
686 1172 855 1246 excusent,
883 1166 978 1231 valde
1004 1165 1218 1243 commendat,
1250 1184 1361 1246 qnam-

189 1291 288 1352 quam
312 1290 369 1336 eas
397 1290 464 1337 non
487 1290 622 1352 prorsus
653 1271 764 1337 abicit.
810 1273 889 1337 Ovrm
914 1279 1030 1338 auctor
1054 1290 1153 1354 saepe
1177 1271 1363 1338 adfectibus

188 1380 401 1458 obsequatur,
434 1396 532 1459 saepe
562 1378 685 1444 multae
715 1379 928 1460 metaphorae
960 1398 1024 1444 uno
1052 1379 1124 1445 loco
1149 1377 1363 1445 inveniuntur

187 1487 436 1565 exuberantque
460 1486 548 1566 apud
572 1505 653 1565 eum,
679 1492 725 1566 ut,
751 1506 946 1566 quamquam
970 1505 1042 1551 cum
1059 1486 1230 1552 Theodoro
1253 1489 1363 1573 παρέν-

188 1598 308 1680 θυρσον
331 1591 500 1673 vituperat
524 1612 620 1673 quam
649 1592 749 1658 animi
772 1592 1018 1658 commotionem
1045 1593 1176 1658 inanem
1200 1597 1234 1659 et
1257 1592 1363 1659 alieno

188 1707 335 1782 tempore
371 1699 571 1765 concitatam
606 1706 706 1781 atque
739 1699 986 1765 immoderatam
1021 1699 1100 1765 dicit
1135 1717 1217 1779 csse,
1254 1705 1363 1766 tamen

188 1807 352 1899 interdum
380 1805 415 1872 in
443 1806 524 1872 illud
553 1807 660 1888 ipsum
687 1807 804 1873 vitium
836 1825 968 1873 currere
996 1806 1158 1873 videatur.
1204 1807 1364 1874 Fortasse

190 1913 287 1980 etiam
310 1914 362 1979 his
385 1920 419 1979 et
443 1914 601 1980 similibus
619 1914 810 1980 Theodorus
835 1913 977 1995 praeivit
1002 1932 1074 1979 cum
1098 1933 1201 1994 eoque
1217 1915 1363 1980 Pseudo-

192 2021 359 2106 honginus
392 2029 508 2086 contra
540 2020 720 2087 Atticistas
754 2021 858 2088 stetit.
917 2022 957 2086 In
992 2021 1221 2087 enumerandis
1254 2027 1363 2087 autam

196 2129 389 2212 metaphoris
419 2128 468 2194 ita
497 2128 754 2211 progrediemur,
785 2134 823 2194 ut
852 2128 956 2210 primo
986 2129 1058 2194 loco
1089 2148 1146 2194 eas
1175 2128 1363 2194 adferamus

195 2253 272 2314 quae
296 2235 366 2301 sine
389 2235 523 2301 medelis
547 2235 677 2316 positae
701 2242 788 2317 sunt,
813 2240 883 2302 tum
907 2255 964 2301 eas
989 2236 1147 2302 addamus
1171 2235 1364 2316 quibuscum

192 2349 305 2408 auctor
340 2343 497 2408 andaciae
531 2342 704 2408 leniendae
743 2362 844 2408 causa
879 2344 964 2420 tales
998 2339 1155 2408 formulas
1190 2349 1227 2408 ut
1262 2345 1362 2426 οἱονεί,

190 2451 321 2536 ὡσπερεί
353 2449 436 2516 alias
471 2450 651 2515 coniunxit.
708 2451 747 2514 In
782 2449 847 2515 illis
882 2457 990 2515 autem
1026 2451 1152 2516 duohus
1187 2449 1362 2533 generibus

188 2556 276 2622 inter
307 2558 519 2638 metaphoras
550 2577 634 2637 quae
665 2556 698 2621 in
729 2555 979 2622 verbisautin
1005 2555 1223 2622 substantivis
1248 2555 1362 2621 autin
1463 2608 1466 2616 .

188 2663 362 2730 adiectivis
386 2663 500 2729 autin
526 2663 692 2729 adverbiis
717 2671 794 2728 sunt
819 2662 1066 2746 distinguemus.
1098 2663 1161 2729 Sed
1185 2670 1363 2742 antequam

188 2761 454 2852 metaphorarum
477 2771 576 2837 index
600 2770 784 2848 adferatur,
815 2770 848 2836 id
879 2770 978 2835 etiam
1007 2776 1182 2836 moneatur
1213 2789 1274 2835 nos
1298 2789 1362 2834 non

188 2877 223 2943 in
249 2896 289 2943 ea
313 2877 466 2959 opinione
491 2897 572 2952 esse.
607 2885 644 2943 ut
677 2878 889 2959 metaphoras
918 2878 1013 2959 plene
1037 2885 1070 2942 et
1095 2878 1246 2943 absolute
1269 2876 1363 2942 nobis

188 2984 358 3050 videamur
368 2985 620 3053 enumeravisse.
640 2987 745 3067 Saepe
756 2984 841 3050 enhn
855 2984 991 3050 difficile
1002 2986 1106 3050 estad
1121 2984 1363 3050 diiudicandum

188 3098 298 3157 utrum
329 3093 528 3159 translatum
562 3093 756 3159 vocabulum
788 3113 807 3157 a
836 3091 1002 3158 cotidiano
1033 3091 1187 3173 loquendi
1221 3111 1282 3157 usu
1316 3090 1364 3156 ita

188 3205 361 3280 acceptum
378 3199 432 3282 sit,
451 3207 488 3266 ut
505 3199 680 3266 translatio
697 3219 763 3265 non
780 3200 880 3264 etiam
896 3199 1070 3277 sentiatur,
1092 3218 1135 3264 an
1151 3200 1364 3281 metaphorae

188 3305 254 3372 vim
278 3307 472 3374 servaverit.

508 3518 642 3596 Index
671 3519 1041 3618 metaphorarum.

188 3679 225 3745 Α.
261 3681 477 3763 metaphorae
501 3699 640 3764 quarum
666 3682 811 3746 audacia
837 3679 932 3745 nullis
959 3682 1098 3746 medelis
1125 3683 1272 3762 mitigata
1296 3684 1363 3760 est;

480 3804 496 3858 Ι.
524 3803 700 3871 metaphorae
727 3817 796 3872 quac
826 3804 851 3858 lo
879 3803 972 3858 verbis
1000 3804 1079 3858 cunt:

277 3932 308 4008 2,
330 3930 371 3994 18
400 3941 465 4008 ταῖς
497 3933 616 3996 ἑαυτῶν
647 3932 830 4017 περιέβαλον
860 3932 1012 4008 εὐκλείαις
1036 3935 1088 3996 τὸν
1111 3930 1262 4013 αἰῶναῐις
1293 3933 1364 4007 3,8

187 4043 226 4104 τὰ
250 4042 367 4124 φυσικὰ
385 4041 461 4123 ἔργα
480 4039 822 4125 κατασκελετευὸμενα;
847 4039 877 4118 6,
896 4038 914 4101 7
936 4039 1148 4104 ὀλισθαίνουσι
1168 4036 1194 4103 δ’
1213 4040 1255 4114 εἰς
1273 4051 1364 4103 τοῦτο

277 4213 298 4282 1)
318 4215 370 4268 Hic
389 4216 471 4282 locus,
491 4215 537 4281 qui
555 4231 570 4267 a
588 4214 654 4268 viris
675 4214 760 4268 doctis
779 4215 853 4268 varie
867 4220 1017 4282 temptatus
1036 4220 1086 4283 cst,
1105 4214 1171 4266 mihi
1185 4215 1291 4280 quidem
1311 4230 1363 4267 non

187 4304 296 4359 videtur
323 4304 503 4372 explicatione
532 4320 619 4372 egere.
664 4303 730 4356 Nam
759 4306 913 4370 περιέβαλον
939 4303 1031 4357 eodem
1050 4319 1128 4358 sensu
1150 4303 1363 4372 intellegendum

188 4399 229 4448 est
259 4409 311 4461 quo
330 4393 494 4448 Plutarchus
517 4393 584 4447 dicit
611 4397 774 4461 περιβάλλειν
794 4398 883 4461 ἱμάτια
908 4401 962 4457 τοῖς
982 4396 1124 4460 τραχήλοις
1144 4394 1187 4447 vel
1207 4392 1363 4460 Aeschylus,
