3268 5002
653 326 873 389 „25-

175 536 280 604 ταῦτα,
305 523 454 606 καθάπερ
478 534 531 606 τῆς
551 523 718 607 ἐπιτυχίας,
744 527 840 600 οὕτως
859 525 952 608 ἀρχαί
973 525 1025 586 καί
1042 524 1208 601 ὑποθέσεις
1225 526 1277 588 καί
1293 536 1354 589 τῶν

176 629 318 696 ἐναντίων
342 629 558 694 καθίστανται.
595 627 718 692 Eodem
744 631 837 694 modo
863 628 954 708 56,4
978 647 1044 693 nen
1069 629 1109 693 de
1129 635 1271 709 cratere,
1297 630 1353 694 sed

176 736 215 800 de
239 733 423 798 crateribus
448 735 577 798 Aetnae
600 733 746 814 loquitur
771 734 844 820 (τῶν
868 748 921 820 τῆς
945 736 1057 821 Αἴτνης
1081 736 1267 822 κρατήρων).

264 841 359 922 Quod
381 840 828 924 autemPseudo-Longinus
849 841 958 922 40,17
984 841 1033 904 ad
1056 841 1258 907 lectorem
1287 862 1353 908 su-

175 947 261 1012 bito
285 948 416 1012 verba
441 945 672 1028 derigenda
698 965 769 1011 esse
794 947 873 1011 dicit
893 947 1069 1033 (ἐναγὼνιος
1087 947 1113 1013 δ’
1132 950 1243 1033 ὁμοίως
1263 954 1314 1014 καί
1334 954 1353 1037 ἡ

173 1067 235 1120 τῶν
259 1051 434 1140 προσώπων
454 1056 688 1139 ἀντιμετσίθεσις
707 1058 760 1119 καί
780 1056 931 1132 πολλάκις
950 1057 982 1122 ἐν
1002 1057 1105 1140 μέσοις
1124 1066 1186 1134 τοῖς
1204 1059 1354 1135 κινδύνοις

175 1173 307 1226 ποιοῦσα
329 1165 381 1226 τὸν
409 1163 565 1245 ἀκροατὴν
590 1164 691 1226 δοκεῖν
715 1160 929 1246 στρέφεσθαι),
960 1162 1002 1226 ad
1026 1179 1097 1226 earn
1116 1161 1263 1244 regulam
1286 1182 1352 1229 non

177 1265 280 1330 solum
304 1284 340 1330 eo
364 1265 435 1346 ipso
461 1265 570 1346 capite
595 1265 645 1331 bis
670 1267 734 1350 (41,
761 1269 780 1330 2
806 1270 887 1354 ὁρᾷς,
914 1267 938 1333 ὦ
963 1270 1073 1353 ἑταῖρε,
1099 1270 1140 1346 ὡς
1160 1286 1226 1348 eqs
1246 1274 1280 1333 et
1298 1271 1351 1348 41,

177 1372 197 1435 6
222 1377 293 1437 ὅταν
316 1374 357 1450 ὡς
381 1377 416 1437 οὐ
441 1378 516 1458 πρὸς
540 1377 677 1452 ἅπαντας
701 1373 771 1438 ἀλλ’
795 1376 836 1452 ὡς
856 1380 931 1460 πρὸς
951 1378 1044 1460 μόνον
1062 1381 1130 1441 τινὰ
1149 1377 1269 1462 λαλῇς),
1296 1379 1352 1441 sed

177 1477 365 1558 saepissime
392 1478 546 1557 loquitur.
596 1479 867 1562 Verumtamen,
905 1499 977 1545 cum
1006 1481 1138 1564 longum
1168 1482 1213 1548 sit
1241 1502 1352 1548 omnes

174 1583 246 1648 illos
276 1585 366 1649 locos
397 1585 511 1665 plenos
536 1585 730 1666 exscribere,
764 1604 820 1651 eos
845 1587 932 1652 solos
955 1587 1008 1652 hic
1032 1607 1201 1669 ponamus
1234 1589 1352 1669 quibus

174 1697 290 1756 auctor
314 1691 550 1756 Terentianum
578 1691 716 1757 amioum
748 1693 877 1758 nomine
905 1695 958 1759 vel
988 1693 1084 1758 simili
1112 1694 1352 1776 significatione

173 1797 378 1877 adloquitur:
413 1800 441 1879 1,
472 1800 689 1885 2Ποστσί1μιε
719 1802 898 1886 Τερεντιανὲ
927 1802 1063 1886 φίλτατε.
1111 1802 1163 1879 44,
1195 1802 1228 1881 7,
1253 1803 1305 1879 66,
1333 1805 1350 1865 7

174 1906 354 1989 Τερεντιανὲ
382 1907 518 1991 φίλτατε.
565 1907 617 1986 24,
655 1905 698 1969 29
728 1909 854 1992 φίλτατε
884 1908 1071 1992 Τερεντιανὲ.
1124 1907 1155 1987 3,
1186 1907 1219 1985 1,
1250 1909 1278 1987 7,
1311 1910 1350 1972 17

175 2011 355 2095 Τερεντιανὲ
385 2015 498 2097 ἥδιστε.
551 2014 580 2093 9,
613 2012 654 2075 16
685 2012 710 2077 ὦ
740 2015 836 2098 φίλος.
889 2013 942 2093 25,
973 2013 1029 2093 25,
1059 2013 1111 2093 33,
1141 2014 1183 2078 22
1214 2015 1350 2100 φίλτατε.

177 2116 230 2197 59,
261 2117 301 2179 12
325 2120 476 2204 κράτιστε.
525 2120 576 2200 14,
608 2120 648 2181 12
674 2121 784 2206 ἑταῖρε.
831 2122 884 2200 41,
915 2121 934 2183 2
964 2120 989 2185 ὦ
1014 2123 1123 2206 ἑταῖρε.
1171 2121 1351 2186 Praeterea

177 2227 293 2287 auctor
319 2223 397 2288 illud
425 2230 638 2305 praeceptum
667 2224 718 2290 his
747 2225 802 2305 qui
830 2225 1050 2306 insequuntur
1077 2225 1158 2290 locis
1183 2228 1349 2308 observat,

175 2348 368 2409 quamquam
404 2351 647 2412 nonnumquam
686 2333 838 2397 dubitare
878 2338 983 2415 potes
1023 2338 1133 2398 utrum
1169 2334 1272 2399 verba
1309 2335 1351 2398 ad

173 2436 408 2501 Terentianum
437 2458 479 2502 an
509 2439 551 2503 ad
580 2457 692 2504 omnes
720 2440 862 2505 lectores
886 2440 1032 2522 derigat:
1066 2441 1095 2521 2,
1121 2441 1155 2519 8,
1181 2439 1211 2520 5,
1237 2442 1271 2520 9,
1299 2440 1349 2520 10,

173 2543 207 2624 9,
230 2543 280 2623 10,
300 2545 355 2624 13,
379 2546 429 2625 12,
450 2546 503 2626 11,
526 2546 577 2625 14,
597 2547 652 2626 12,
676 2547 726 2625 18,
746 2548 801 2626 14,
823 2547 874 2627 21,
893 2547 927 2628 3,
949 2548 1001 2627 23,
1021 2548 1076 2627 16,
1098 2547 1149 2628 25,
1168 2547 1203 2626 3,
1225 2546 1349 2627 25,12,

172 2651 302 2731 27,14,
329 2651 381 2732 28,
402 2652 437 2731 6,
463 2652 589 2733 29,11,
616 2653 668 2733 36,
691 2654 747 2732 24,
773 2653 825 2733 38,
847 2655 903 2732 27,
929 2653 1061 2734 40,12,
1086 2654 1139 2732 41,
1160 2653 1195 2733 9,
1221 2653 1348 2734 44,12,

172 2758 224 2840 51,
251 2760 306 2837 22,
339 2760 391 2839 52,
418 2759 451 2839 5,
484 2759 536 2836 58,
563 2760 619 2839 28,
653 2760 705 2841 60,
733 2762 767 2840 7,
801 2761 854 2842 61,
881 2763 914 2839 7,
950 2761 1085 2841 62,11,
1120 2760 1173 2837 66,
1198 2760 1232 2839 6,
1258 2759 1298 2827 al.

261 2865 324 2930 Sed
348 2865 518 2931 veniamus
543 2867 585 2931 ad
610 2867 796 2932 sententiae
819 2867 953 2950 figuras.
994 2869 1044 2931 Ac
1064 2866 1201 2947 primum
1221 2866 1350 2947 quidem

172 2973 213 3038 de
234 2973 523 3037 exclamatione
540 2972 748 3040 disseramus.
773 2973 872 3040 Citius
889 2974 1014 3056 figurae
1030 2993 1131 3040 unum
1146 2975 1233 3054 quod
1249 2973 1351 3039 sciam

172 3079 352 3160 exemplum
377 3081 464 3160 apud
487 3079 822 3163 Pseudo-Longinum
846 3086 964 3146 exstat.
997 3081 1025 3160 8,
1052 3081 1072 3144 6
1097 3085 1213 3145 auctor
1236 3079 1349 3145 Xeno-

171 3186 327 3265 phontem
347 3186 551 3267 vituperans,
580 3189 666 3267 quod
692 3187 833 3268 pupillas
861 3187 1027 3252 oculorum
1053 3186 1179 3266 puellas
1202 3187 1349 3267 appella-

171 3292 267 3374 verit,
284 3295 365 3358 haec
382 3293 557 3358 exclamat:
581 3294 643 3362 οίον
660 3298 693 3361 δὲ
709 3293 872 3380 Ἡράκλεις
888 3299 922 3359 τὸ
939 3298 993 3371 τὰς
1010 3296 1154 3360 ἁπάντων
1170 3294 1239 3378 ἑξῆς
1254 3296 1349 3378 κόρας

171 3401 377 3486 αίσχιιντηλὰς
406 3401 482 3468 εἶναι
513 3404 692 3483 πεπεῖσθαι,
725 3406 801 3466 ὅπου
833 3404 925 3486 φασίν
956 3402 1055 3465 οὐδενί
1086 3405 1183 3476 οὕτως
1206 3401 1349 3484 ἐνσημαί-

171 3509 282 3571 νεσθαι
297 3509 352 3593 τήν
368 3531 457 3574 τινων
473 3509 628 3574 ἀναίδειαν
645 3510 686 3586 ὡς
705 3510 738 3574 ἐν
757 3519 819 3585 τοῖς
839 3509 1024 3592 ὀφθαλμοῖς.
1061 3504 1165 3587 Quam
1185 3505 1348 3570 exclama-

171 3611 293 3677 tionem
308 3632 371 3693 quo
384 3613 659 3680 vehementiorem
672 3613 826 3679 redderet
841 3612 1004 3699 Ἡράκλεις
1021 3611 1051 3677 ei
1065 3610 1273 3691 interposuit.
1296 3611 1349 3675 Ea

170 3718 301 3786 iurandi
325 3727 363 3785 ut
385 3720 434 3786 ita
458 3721 563 3785 dicam
588 3720 729 3786 formula
753 3719 896 3801 scriptor
921 3738 1020 3800 saepe
1044 3737 1123 3784 usus
1150 3723 1201 3783 est
1225 3716 1349 3798 etipse

170 3844 243 3891 eam
270 3826 304 3891 in
333 3827 416 3892 libro
447 3827 686 3894 commendavit
715 3827 780 3912 (32,
807 3827 849 3911 9).
896 3825 969 3908 Qua
994 3828 1034 3891 de
1058 3843 1160 3890 causa
1183 3823 1235 3889 bic
1258 3824 1348 3890 iocos

171 3936 368 4021 enumerabo
393 3934 510 4014 quibus
535 3934 686 3999 occurrit.

260 4041 399 4106 Praeter
421 4043 528 4106 locum
552 4043 646 4106 modo
671 4045 861 4120 tractatum,
887 4038 941 4119 qui
966 4038 1054 4105 solus
1077 4036 1230 4104 Herculis
1254 4037 1348 4104 invo-
1439 4058 1445 4068 ·

170 4145 334 4212 nationem
377 4148 530 4214 vocativo
575 4166 655 4213 casu
698 4146 840 4227 exhibet,
886 4145 1059 4211 duodecies
1102 4143 1191 4211 Iovis
1230 4162 1349 4208 nomen

170 4252 363 4320 accusativo
397 4273 476 4319 casu
506 4254 562 4334 qui
591 4273 611 4318 a
642 4261 677 4341 νὴ
714 4253 836 4335 pendet
865 4251 1043 4318 invenitur.
1097 4251 1176 4317 Cum
1210 4250 1245 4315 in
1274 4249 1348 4331 ipsa

170 4358 322 4441 formula,
344 4379 440 4440 quam
460 4362 548 4441 apud
568 4360 747 4441 scriptores
767 4359 915 4424 Graecos
935 4358 1142 4438 frequentem
1162 4375 1234 4423 esse
1254 4373 1347 4420 nemo
