3268 5002
666 309 927 395 --ιι-Ι

191 507 282 572 16116
302 506 383 570 nihil
400 507 607 571 memorabile
628 526 700 572 esse
720 511 951 589 praeterquam
968 505 1208 572 multitudinem
1225 506 1259 570 in
1278 497 1365 571 tanti

191 613 311 678 moduli
334 613 443 678 libello
474 633 541 678 non
564 613 686 695 iniuria
710 614 793 679 dixit
818 614 884 699 (1.1,
904 633 933 694 p.
951 615 992 695 4).
1040 615 1118 679 Cum
1142 633 1220 681 vero
1245 633 1365 695 paren-

190 723 300 785 theses
326 723 368 786 ad
388 739 458 785 eam
480 721 779 801 comprehensionis
799 727 926 802 partem
948 741 1032 801 quae
1051 721 1220 802 praecedit
1239 728 1299 787 aut
1323 723 1365 786 ad

116 857 118 862 ·
189 847 259 892 eam
292 845 377 908 quae
411 827 560 908 sequitur
592 827 788 894 referendae
821 828 897 909 sint,
937 827 1094 894 tredecim
1126 847 1198 894 mea
1236 827 1363 908 quidem

188 934 356 1000 sententia
395 934 623 1015 praecedentis
662 935 768 1015 partis
807 934 1005 1001 sententiam
1044 935 1173 1015 plenam
1212 935 1363 1015 reddunt,

189 1047 315 1122 septem
338 1041 484 1122 reliquae
508 1041 578 1106 eins
603 1061 686 1121 quae
711 1042 868 1122 sequitur.
915 1041 1060 1123 (1666666
1092 1042 1168 1106 11166
1200 1042 1251 1106 his
1283 1041 1364 1105 locis

190 1152 340 1212 exstant:
363 1149 487 1229 16,11;
514 1150 566 1227 21,
584 1149 618 1228 5;
636 1149 688 1229 23,
711 1149 766 1229 11;
793 1150 915 1230 23,18;
942 1149 1065 1229 25,11);
1091 1150 1215 1229 29,18;
1241 1149 1363 1229 36,11;

191 1256 243 1334 37,
263 1258 318 1335 11;
339 1257 389 1334 38,
405 1258 438 1335 73
460 1256 512 1334 54,
527 1257 561 1334 9;
583 1256 703 1336 54,14;
719 1255 774 1346 57,
788 1256 822 1332 8;
833 1257 891 1335 56,
904 1257 938 1335 5;
956 1257 1008 1336 69,
1021 1256 1055 1336 93
1073 1256 1136 1320 hae
1151 1255 1365 1322 inveniuntur

191 1361 241 1424 ms
260 1361 354 1426 roes:
380 1363 431 1440 15,
449 1363 483 1440 9;
511 1363 562 1432 rr,
582 1363 614 1440 r,
641 1363 693 1442 ar,
714 1364 771 1440 213
797 1364 849 1444 as,
874 1365 929 1443 re,
955 1363 1007 1441 43,
1026 1364 1081 1440 aa
1108 1363 1160 1442 57,
1183 1364 1216 1442 s,
1243 1363 1295 1444 57,
1314 1362 1364 1428 15.

190 1468 315 1534 Deinde
342 1468 369 1532 si
393 1469 564 1548 quaeritur
588 1485 671 1548 quae
695 1469 878 1551 particulae
901 1469 965 1533 illis
989 1469 1241 1550 parenthesibus
1270 1488 1364 1550 prac-

189 1580 355 1655 ponantur
378 1575 431 1641 vel
454 1575 676 1656 inmittantur,
706 1577 791 1641 duae
814 1615 856 1622 —-
881 1577 933 1657 29,
961 1577 1002 1640 18
1026 1581 1061 1640 66
1084 1578 1174 1655 ouo
1198 1615 1241 1622 —
1261 1576 1364 1657 parti-

188 1683 260 1747 cula
289 1687 419 1762 carent;
449 1682 481 1746 in
512 1702 642 1747 una-
669 1683 721 1762 54,
744 1684 774 1764 9,
807 1703 871 1764 666
900 1683 1065 1746 666666616
1090 1702 1174 1762 quae
1198 1682 1365 1747 antecedit
1395 1757 1397 1762 ¹

188 1790 340 1870 expletur
364 1828 408 1834 ——
431 1803 505 1875 γοῦν
534 1789 699 1869 particula
730 1795 855 1868 exstat3
892 1794 925 1856 δὲ
956 1789 1007 1854 616
1040 1789 1220 1868 reperimus
1254 1791 1364 1872 (169

188 1903 221 1959 66
244 1897 298 1976 24,
316 1895 382 1978 21).
435 1895 498 1960 Sed
531 1896 793 1976 quattuordecim
822 1896 1089 1984 parenthesibus,
1123 1897 1221 1978 longe
1248 1895 1364 1960 maiori

189 2001 289 2081 parti,
323 2007 382 2088 γάρ
411 2002 573 2082 particula
604 2003 731 2068 inserta
764 2009 824 2069 est.
871 2003 963 2086 Qriae
994 2002 1125 2082 quidem
1148 2004 1363 2084 parentheses

191 2127 256 2171 non
278 2127 387 2172 omnes
408 2107 450 2172 ad
469 2110 666 2175 sententiam
691 2129 775 2190 quae
799 2109 967 2174 antecedit
991 2114 1161 2191 spectant3
1188 2110 1363 2174 nonnullae

192 2214 289 2278 etiam
314 2215 355 2277 ad
380 2234 449 2279 eam
474 2235 557 2295 quae
582 2217 731 2296 sequitur
746 2216 944 2282 referendae
960 2221 1046 2281 sunt.
1083 2217 1166 2281 Nam
1182 2222 1241 2304 γάρ
1259 2217 1363 2297 parti-

190 2321 282 2385 culae
306 2326 427 2386 uatura
451 2328 511 2404 est,
544 2329 581 2388 ut
612 2343 676 2388 666
707 2326 801 2389 modo
833 2323 1017 2388 sententias
1047 2343 1132 2404 quae
1160 2326 1363 2389 antecedunt

188 2428 338 2508 explicet,
363 2448 476 2494 verum
501 2429 600 2494 etiam
624 2451 680 2495 eas
704 2450 788 2510 quae
813 2435 995 2510 sequuntur
1019 2437 1204 2510 praeparet.

276 2536 347 2600 Iam
376 2535 465 2600 illam
496 2538 721 2616 quaestionem
751 2541 931 2602 tractemus
960 2539 1119 2616 quomodo
1149 2539 1363 2617 parentheses

190 2642 224 2706 in
247 2647 317 2706 tcto
343 2643 582 2708 sententiarum
606 2651 764 2709 contextu
787 2643 917 2725 positae
941 2644 1016 2710 sint.
1062 2645 1111 2708 Ac
1136 2643 1268 2709 dimidia
1293 2643 1363 2708 fere

190 2749 434 2830 parenthesium
463 2770 541 2831 pars
566 2771 585 2816 a
610 2751 770 2832 scriptore
793 2750 908 2816 mediis
933 2751 1106 2816 sententiis
1130 2750 1361 2832 interponitur,

189 2857 279 2923 66166
298 2857 386 2934 lue
410 2858 618 2937 parenthesis
643 2857 781 2939 primum
805 2860 940 2923 verbum
964 2857 1125 2938 sequitur:
1152 2858 1201 2924 οἷα
1225 2858 1363 2943 (πολλοῖς

190 2968 223 3030 δέ
246 2971 305 3050 πρό
328 2969 416 3051 ἡμῶν
440 2968 456 3029 ό
479 2968 572 3043 τόπος
596 2964 799 3052 ἐξείργασται)
824 2970 863 3031 τὰ
886 2969 935 3031 ἐπί
960 2969 1153 3044 Ποσειδῶνος
1177 2985 1243 3044 666.
1351 2990 1354 2994 ·

197 3119 201 3124 -
279 3071 439 3150 Reliquae
463 3071 558 3136 huius
583 3073 713 3154 generis
737 3074 954 3153 parentheses
974 3073 1049 3153 po'st
1065 3074 1161 3153 plura
1177 3071 1362 3136 sententiae

190 3179 292 3242 verba
319 3177 518 3258 interposita
547 3184 633 3243 sunt.
679 3181 789 3259 Atque
817 3179 852 3243 in
876 3179 1078 3244 secundariis
1103 3179 1276 3244 sententiis
1300 3180 1362 3243 hae

189 3284 361 3365 leguntur:
391 3285 443 3364 23,
470 3285 509 3347 11
535 3299 625 3351 τοῦτο
649 3291 682 3352 δὲ
706 3292 765 3353 εἴτε
790 3291 840 3354 διὰ
863 3290 1050 3373 τοπηγοριάν
1072 3326 1116 3332 -
1137 3325 1180 3331 -·
1204 3286 1257 3352 εἴτ’
1281 3290 1362 3352 ἐποι-

189 3392 336 3476 κονομίαν
360 3395 458 3476 ἔργων
481 3395 501 3476 ἢ
524 3396 639 3458 παθῶν
664 3392 778 3480 (μυρίαι
794 3400 853 3481 γάρ
874 3396 949 3459 ίδέαι
966 3405 1027 3460 τῶν
1044 3391 1214 3479 αὐξήσεων)
1238 3395 1360 3479 γίνοιτο.

191 3497 242 3577 25,
273 3497 310 3560 10
335 3503 379 3563 ότι
404 3499 504 3583 μέντοι
529 3501 545 3563 ό
569 3501 701 3566 Πλάτων
725 3499 875 3587 (ἐπάνειμι
899 3499 971 3587 γάρ)
1002 3503 1130 3586 τοιούτῳ
1153 3504 1209 3568 τινί
1232 3503 1361 3586 γεύματι

191 3608 325 3691 ἀψοφητί
350 3607 427 3690 ῥέων
452 3622 517 3683 666.
561 3606 613 3683 29,
633 3608 801 3693 18Ιῶσπερ
826 3612 878 3673 καί
903 3606 956 3692 [ol]
973 3607 1071 3674 Ἑπτά
1095 3611 1143 3673 ἐπί
1161 3608 1266 3694 Θήβας
1290 3606 1361 3692 παρ’

191 3715 273 3797 αὐτῷ
298 3710 447 3797 (ἄνδρες,
479 3713 580 3797 φησίν,
611 3711 699 3777 ςέπτοί
724 3716 843 3800 θούριοι
867 3717 1045 3801 λοχαγέται,
1076 3727 1362 3800 ταυροσφαγοῦντες

190 3820 231 3895 εἰς
256 3820 439 3904 μελάνδετον
463 3820 559 3896 σάκος
582 3822 635 3883 καί
660 3822 860 3906 θιγγάνοντες
883 3825 970 3906 χερσί
994 3823 1135 3907 ταυρείου
1155 3824 1250 3906 φόνου
1266 3820 1361 3907 Ἄρην

189 3923 288 3990 Ἐνυὼ
305 3928 357 3988 καί
374 3925 557 4010 φιλαίματον
574 3927 678 4011 Φόβον
695 3926 949 4012 ὡρκωμότησαν)
973 3933 1025 3993 τδν
1044 3932 1119 3994 ίδιον
1144 3947 1209 4007 666.
1248 3929 1300 4006 37,
1320 3928 1357 3990 11

191 4034 231 4108 ὡς
254 4036 314 4117 γὰρ
339 4033 366 4096 οἱ
390 4042 434 4116 τῷ
459 4037 520 4097 ὄντι
538 4035 727 4118 ὀργιζόμενοι
750 4037 770 4118 ἢ
786 4071 830 4077 —-
845 4037 923 4119 -ἣ
948 4033 998 4100 ὑπ’
1022 4038 1119 4100 ἄλλου
1143 4040 1222 4111 τινός
1247 4033 1362 4118 (πολλὰ

189 4143 248 4224 γάρ
272 4142 325 4202 καί
346 4140 547 4224 άναρίθμητα
577 4142 668 4226 πάθη
699 4145 751 4206 καί
782 4139 846 4205 οὐδ’
873 4145 909 4206 άν
939 4144 1032 4206 εἰπεῖν
1062 4166 1106 4219 τις
1138 4146 1195 4206 ὅσα
1226 4139 1360 4223 δύναιτο)

190 4246 338 4310 ἑκάστοτε
362 4263 427 4324 666.
481 4246 532 4326 54,
561 4247 601 4308 14
633 4249 673 4324 ὡς
704 4250 888 4333 θεόπεμπτα
918 4251 1001 4313 δεινά
1032 4251 1198 4333 δωρήματα
1230 4247 1361 4332 (οὐγὰρ

189 4353 284 4419 εἰπεῖν
308 4356 434 4439 θεμιτόν
458 4353 653 4439 ἀνθρώπινα)
678 4358 782 4440 ἀθρόα
806 4358 847 4432 είς
872 4357 979 4420 ἑαυτόν
1004 4374 1069 4433 666.

1166 4479 1182 4530 2
