3268 5002
693 279 915 342 -15-

218 491 290 540 nem
314 472 401 538 dicit.
447 473 516 537 Nec
545 473 586 537 de
615 491 654 536 ea
678 491 860 554 anonymus
885 473 1046 553 loquitur;
1077 475 1134 539 sed
1158 475 1294 539 multum
1320 493 1392 540 eum

216 579 250 643 in
267 597 305 644 eo
322 597 443 662 genere
459 597 532 644 esse
548 579 716 644 Vahlenus
733 585 843 643 monet
860 579 890 660 (l.
906 579 925 644 l.
942 599 971 659 p.
989 579 1032 664 4),
1058 585 1092 644 et
1115 597 1151 644 re
1175 599 1255 647 vera
1270 580 1392 663 viginti

218 686 302 750 duae
332 686 559 767 parentheses
591 704 673 764 quas
704 685 833 765 quidem
863 685 915 751 vir
943 685 1151 750 doctissimus
1181 686 1214 750 iu
1245 686 1389 752 editione

218 791 310 856 uncis
326 791 505 874 incluserit,
523 793 612 872 apud
628 797 795 856 auctorem
811 797 953 857 exstant.
986 792 1069 856 Nam
1084 794 1170 872 quod
1184 793 1213 872 9,
1228 794 1269 857 27
1286 795 1390 859 verba

217 902 414 984 θαυμάζουσι
429 937 474 945 -
489 902 702 985 ὑπερορῶντας
725 898 946 978 parenthesim
970 918 1036 963 non
1060 899 1179 963 statuit
1203 904 1293 965 recte
1317 919 1389 964 enm

219 1004 330 1070 facere
354 1003 589 1084 contendimus,
615 1022 809 1084 quamquam
834 1004 873 1069 de
897 1024 936 1069 ea
960 1024 995 1070 re
1014 1010 1126 1086 potest
1145 1004 1297 1070 dubitari.
1328 1007 1392 1070 Ne-

218 1130 280 1191 que
309 1117 361 1176 est
389 1114 476 1191 quod
500 1112 552 1192 52,
581 1113 597 1174 1
628 1111 730 1176 verba
754 1113 804 1176 διὰ
827 1114 950 1178 πάντων
973 1118 1032 1198 γὰρ
1057 1114 1224 1199 ἀμώμητον
1247 1118 1282 1177 τὸ
1306 1137 1394 1199 ποιη-

218 1221 326 1305 μάτιον
350 1236 422 1283 cum
437 1215 691 1283 Wilamowitzio
715 1215 808 1281 uncis
832 1217 1045 1283 includamus.
1091 1219 1174 1284 Nam
1198 1237 1394 1298 quamquam

217 1323 334 1406 negari
352 1342 419 1388 nou
435 1327 555 1404 potest,
581 1323 610 1389 si
634 1323 739 1388 oratio
763 1322 813 1387 ita
828 1329 866 1387 ut
882 1323 1154 1390 Wilamowitzius
1178 1325 1250 1391 vult
1274 1325 1396 1390 distin·

218 1435 349 1514 guatur,
368 1434 474 1495 totum
490 1429 730 1495 sententiarum
747 1434 937 1494 contextum
960 1449 1000 1495 ea
1022 1431 1189 1496 sententia
1205 1433 1396 1511 perturbari

170 1600 171 1604 ,
219 1542 251 1601 et
268 1536 489 1617 parenthesim
507 1555 580 1601 esse
596 1535 815 1614 statuendam,
840 1543 960 1616 tamen,
979 1535 1006 1601 si
1023 1556 1094 1601 oum
1110 1538 1258 1602 Vahleno
1276 1537 1393 1603 distin-

218 1643 371 1724 xerimus,
396 1642 476 1707 nihil
500 1643 563 1708 erit
586 1642 620 1706 in
637 1661 699 1722 quo
716 1643 918 1707 haereamus.
958 1643 1039 1706 Tum
1054 1643 1088 1708 in
1106 1643 1211 1709 modia
1228 1645 1395 1709 sententia

218 1751 246 1815 τί
262 1753 295 1815 δὲ
310 1749 539 1836 Ἐρατοσθένης
556 1753 588 1816 ἐν
604 1762 641 1836 τῇ
658 1749 812 1836 Ἠριγόνῃ,
839 1751 898 1835 ἆρα
922 1752 958 1835 δὴ
983 1751 1095 1836 μείζων
1114 1752 1263 1836 ποιητής,
1287 1753 1391 1816 verba

219 1859 269 1921 διὰ
298 1859 421 1924 πάντων
451 1860 511 1943 γάρ
541 1875 608 1936 eqs.
632 1874 735 1936 usque
767 1857 808 1921 ad
838 1859 990 1922 δύσκολον
1019 1861 1197 1936 ponuntur.
1251 1858 1393 1923 Constat

219 1967 328 2027 autem
354 1981 453 2042 saepe
477 1962 656 2043 scriptores
673 1961 820 2027 Graecos
838 1963 1036 2027 senteutiam
1055 1981 1140 2042 quae
1157 1962 1241 2028 alius
1259 1981 1392 2029 oausam

218 2069 356 2133 adderet
378 2069 426 2132 ita
449 2068 483 2132 in
508 2068 614 2133 media
637 2068 694 2133 illa
719 2068 885 2133 sententia
909 2069 1067 2149 posuisse,
1099 2074 1135 2133 ut
1158 2075 1218 2156 γὰρ
1242 2070 1392 2150 particu-

218 2175 282 2239 lam
307 2174 336 2239 ei
359 2174 553 2254 insererent,
579 2194 664 2254 quae
687 2193 844 2239 uncorum
868 2193 1002 2239 munere
1027 2174 1231 2258 fungeretur.

307 2281 396 2345 Idem
416 2282 456 2346 de
472 2281 582 2347 verbis
602 2281 654 2362 60,
672 2282 712 2346 21
734 2279 798 2346 dici
817 2286 937 2361 potest,
964 2281 1019 2345 ubi
1041 2281 1130 2346 iuter
1153 2282 1292 2362 priorem
1316 2299 1390 2345 sen-

219 2387 347 2452 tentiae
371 2391 498 2468 partem
523 2386 593 2452 ἀλλ’
617 2391 643 2452 εἰ
666 2392 718 2453 καὶ
740 2390 832 2473 μανία
849 2391 917 2473 περὶ
939 2399 1000 2455 τῶν
1017 2394 1114 2467 οὕτως
1138 2389 1391 2475 ὁμολογουμένων

219 2498 373 2580 διαπορεῖν
402 2498 436 2558 et
466 2492 680 2574 posteriorem
708 2497 827 2580 ὑψηλόν
855 2495 892 2580 γέ
920 2519 979 2560 που
1009 2497 1096 2560 δοκεῖ
1117 2513 1182 2574 eqs,
1207 2491 1390 2558 enuntiatio

219 2600 289 2666 sine
313 2601 411 2666 dnbio
435 2600 665 2681 parenthetica
684 2599 861 2664 intercedit
877 2605 1050 2687 ἀποχρῶσα
1065 2606 1125 2688 γὰρ
1140 2604 1160 2687 ἡ
1177 2613 1267 2686 πεῖρα
1283 2602 1392 2683 πίστις,

218 2726 316 2787 quarn
344 2707 437 2772 uncis
465 2707 589 2772 includi
615 2724 750 2771 necesse
779 2725 844 2771 uon
873 2715 932 2771 est.
979 2707 1112 2773 Tertius
1139 2707 1230 2771 locus
1255 2706 1310 2771 ubi
1333 2712 1394 2793 γὰρ

219 2821 384 2893 tamquam
408 2833 467 2893 pro
491 2812 584 2877 uncis
609 2817 659 2877 est
684 2811 792 2892 capite
816 2812 939 2877 decimo
964 2818 1084 2894 exstat,
1110 2812 1166 2878 ubi
1190 2814 1241 2890 22,
1267 2815 1286 2876 2
1311 2815 1394 2877 haec

218 2921 386 3002 leguntur:
419 2923 493 2984 ὁδὲ
515 2919 649 3006 Ὅμηρος
673 2931 755 3002 πῶς,
792 2924 824 2986 ἕν
853 2925 913 3006 γὰρ
946 2925 1007 2986 ἀπὸ
1032 2923 1157 2987 πολλῶν
1181 2921 1392 3006 iericho-tv

219 3025 245 3092 δ’
269 3025 354 3092 ἔπεσ’
378 3045 443 3105 eqS.

307 3132 427 3196 Paucis
451 3133 561 3198 verbis
585 3133 624 3197 de
649 3133 776 3196 duabus
793 3131 967 3198 sententiis
983 3132 1138 3208 dicamne,
1163 3151 1248 3212 quae
1272 3151 1391 3212 paren—

219 3238 337 3304 thesim
354 3239 579 3304 brevissimam
596 3238 754 3318 efficiunt,
772 3242 839 3324 ἐμοὶ
855 3242 943 3305 δοκεῖ
956 3243 989 3302 et
1005 3242 1055 3324 pol
1071 3243 1165 3323 δοκεῖ,
1183 3258 1267 3319 qnae
1284 3240 1335 3318 24,
1350 3239 1394 3303 20

219 3350 253 3410 et
276 3347 306 3426 4,
334 3345 376 3409 10
405 3350 547 3411 exstant.
594 3343 674 3427 Quis
706 3344 879 3426 negaverit
909 3345 949 3409 iis
978 3345 1217 3410 sententiarum
1246 3355 1391 3410 tenorem

219 3451 438 3534 interrumpi?
485 3451 553 3516 Neo
582 3471 660 3518 vero
689 3451 860 3532 quisquam
889 3452 1063 3533 negaverit
1092 3471 1131 3516 ea
1154 3454 1256 3518 verba
1280 3454 1392 3517 eodem

218 3559 289 3624 iure
313 3579 376 3640 quo
401 3563 487 3626 δοκεῖ
510 3582 569 3644 μοι,
595 3559 680 3638 quod
706 3576 805 3638 saepe
829 3559 916 3638 apud
941 3563 1070 3623 veteres
1094 3558 1224 3642 legitur,
1257 3563 1393 3638 propter

219 3686 356 3747 parvam
380 3665 619 3731 sententiarum
646 3663 921 3745 interruptionem
946 3663 1015 3729 sine
1040 3664 1106 3730 ulla
1130 3663 1392 3730 dubitationem

218 3773 333 3839 mediis
358 3771 701 3852 comprehensionibus
726 3770 804 3852 poni
827 3789 933 3850 posse.
979 3771 1128 3851 Denique
1153 3773 1234 3858 οἶμαι
1259 3771 1392 3835 verbum

220 3880 306 3958 quod
330 3880 382 3960 24,
409 3880 450 3942 27
476 3877 607 3960 legitur,
633 3884 748 3958 utpote
772 3896 836 3957 quo
861 3876 1055 3942 brevissima
1079 3877 1265 3943 sententiae
1288 3876 1392 3940 iuter-

220 3985 329 4065 ruptio
353 3985 421 4066 fiat,
454 3983 547 4049 uncis
578 3984 700 4049 includi
724 4003 789 4048 uon
815 4002 887 4048 esse
911 4002 1046 4049 necesse
1069 4003 1162 4049 nemo
1186 3981 1392 4048 infitiabitur.

307 4091 488 4172 Postquam
507 4090 610 4173 igitur
626 4092 666 4156 de
684 4090 748 4156 illis
771 4091 853 4156 locis
876 4090 932 4171 qui
956 4091 998 4155 ad
1021 4089 1244 4171 parenthesim
1268 4087 1391 4172 signifi-

220 4199 359 4263 candam
377 4197 471 4263 uncis
495 4203 620 4278 carent,
646 4197 728 4262 satis
746 4197 877 4278 copiose
894 4197 1027 4280 egimus,
1052 4201 1159 4262 restat
1182 4202 1220 4261 nt
1235 4195 1393 4261 nonnulla

220 4305 259 4368 de
275 4304 464 4385 reliquisti
481 4303 545 4370 ihis
562 4304 815 4384 parenthesibus
832 4305 1000 4384 addamus,
1019 4321 1214 4384 quamquam
1224 4302 1393 4368 Vahleuus
