3268 5002
750 323 970 387 ‚44-

273 517 392 598 quibus
415 517 577 600 fingendis
602 537 835 599 nonnunquam
859 519 1028 587 uocabulis
1052 521 1186 587 usitatis
1220 523 1352 589 adiutus
1383 529 1444 605 est,

273 625 363 691 velut
396 626 489 706 38‚3
520 627 676 692 ἑκπάθεια
707 644 780 691 oum
802 630 947 714 ἐκπαθής
971 629 1134 709 cohaeret,
1165 629 1259 709 40,4
1287 632 1446 718 ὲξὲρεισμα

273 750 344 796 oum
375 734 524 819 ὲξερείδω,
556 732 650 814 40,4
680 737 878 821 ἀποκὺλισμα
902 753 974 799 oum
997 739 1203 820 ἀποκυλίνδω,
1234 739 1445 818 3151111-

272 842 457 926 σημαντικός
480 859 552 905 eum
575 843 805 928 natooppulno),
831 842 883 923 42,
904 842 924 905 2
945 833 1110 930 Δσἰπὸψυχος
1134 863 1206 908 eum
1229 848 1393 932 ἀποψὺχω.

361 946 441 1011 Cum
461 954 570 1012 autem
590 951 752 1035 ἀπὸψυχος
771 949 931 1015 vocabulo
955 949 989 1014 id
1013 952 1098 1029 quod
1123 949 1232 1016 anima
1251 951 1445 1017 destitutum

273 1058 324 1118 est
348 1058 426 1134 apte
450 1052 662 1137 significetur,
688 1060 805 1120 auotor
830 1057 897 1137 7,4
921 1055 1030 1121 faoote
1055 1056 1096 1121 ad
1119 1056 1153 1122 id
1177 1057 1263 1138 quod
1286 1058 1445 1139 paulatim

274 1158 433 1225 minuitur
462 1163 644 1226 notandum
673 1164 842 1249 ἀπαύξησις
865 1163 1026 1229 vocabulo
1057 1163 1170 1244 utitur.
1217 1163 1320 1232 Simili
1350 1166 1444 1230 modo

273 1267 302 1333 9.
319 1267 360 1330 14
383 1269 513 1354 ἀπακμή
538 1269 732 1334 vocabulum
756 1269 860 1351 fingit,
886 1270 941 1335 ubi
965 1271 1186 1336 decrescentis
1209 1271 1444 1354 magnitudinis

272 1372 396 1456 ingenii
419 1373 586 1440 notionem
610 1375 790 1457 exprimere
813 1377 893 1443 vult.
944 1376 1013 1443 Neo
1036 1377 1192 1442 minorem
1215 1377 1281 1444 vim
1305 1397 1444 1461 praepo-

273 1479 348 1545 sitio
379 1482 468 1562 30‚1
497 1481 532 1546 in
560 1485 888 1571 aponeardeaodpedu
911 1484 1070 1551 vocabulo
1099 1485 1209 1567 habet,
1242 1505 1304 1566 quo
1329 1491 1445 1551 auctor

273 1586 354 1652 dioit
395 1594 529 1669 praeter
569 1609 609 1654 11
650 1609 734 1670 quae
775 1590 840 1655 iam
881 1590 1104 1657 consideravit
1146 1610 1180 1657 se
1219 1592 1318 1657 etiam
1357 1593 1444 1659 aliud

274 1695 488 1777 contemplari
503 1696 597 1778 velle,
622 1703 657 1762 et
680 1698 733 1776 29,
753 1699 773 1761 4
797 1700 1080 1785 προσπεριωρίσατο
1100 1705 1134 1763 61
1157 1700 1246 1779 9,11
1273 1713 1443 1786 συνεμπνεῐ,

273 1801 365 1868 ouius
389 1801 526 1885 simplex
549 1803 655 1869 forma
681 1805 769 1884 16,2
794 1809 905 1871 exstat
929 1803 1167 1892 (ὲμπνευσθείς).

363 1910 466 1975 Valde
504 1910 613 1992 placet
649 1913 699 1991 12,
728 1913 748 1976 4
783 1915 1128 2000 διακληρονομούμενον,
1171 1932 1234 1994 quo
1273 1933 1443 1981 numeroso

273 2022 307 2082 11
348 2017 454 2097 amplo
496 2019 656 2083 vocabulo
697 2019 840 2084 ineendii
880 2019 932 2085 oui
970 2019 1136 2085 Ciceronis
1174 2019 1302 2086 dicendi
1342 2041 1444 2104 genus

273 2122 446 2189 confertur
468 2124 659 2208 magnitudo
684 2125 882 2209 depingitur.
929 2127 1029 2192 Haud
1059 2127 1126 2192 seio
1156 2146 1199 2192 an
1230 2129 1444 2209 11111111-

273 2242 415 2317 μονοῠσιν
447 2231 533 2311 quod
564 2251 583 2296 a
613 2231 742 2313 poetioo
766 2235 942 2320 δυσδαίμων
966 2233 1148 2299 derivatum
1172 2238 1231 2316 est,
1257 2234 1385 2316 poetice
1408 2241 1445 2301 ut

273 2340 363 2402 totus
386 2337 477 2403 loeus
501 2337 623 2404 dietum
647 2339 699 2404 111.
737 2340 836 2406 Cuius
854 2339 1006 2407 vocabuli
1025 2345 1152 2422 partem
1170 2346 1380 2429 -δαιμονοῠσιν
1404 2344 1445 2408 11

272 2448 357 2512 θεῶν
388 2451 540 2527 spectare
573 2454 610 2511 11
640 2447 871 2528 paronomasia
901 2448 1061 2528 quaedam
1091 2450 1212 2515 evadat
1241 2467 1308 2514 non
1341 2451 1444 2515 audeo

273 2553 480 2618 contendere.
544 2552 686 2620 Maxime
724 2561 834 2620 autom
873 2555 1014 2620 omnium
1051 2555 1180 2621 illorum
1213 2557 1445 2623 vocabulorum

272 2661 407 2727 εὐπίνεια
446 2661 512 2747 (30,
540 2661 571 2747 1)
609 2661 688 2727 mihi
726 2661 854 2743 quidem
892 2663 1012 2742 placet,
1052 2663 1138 2743 quod
1177 2661 1365 2728 felicissime
1404 2665 1445 2728 ab

273 2770 408 2834 auctore
425 2766 601 2834 formatum
617 2768 758 2834 nitorem
775 2769 956 2835 obsoletum
967 2770 1020 2836 vel
1036 2769 1268 2850 antiquitatem
1284 2770 1445 2852 impexam

273 2871 438 2956 signifieat
461 2879 495 2940 et
519 2877 561 2940 ab
585 2878 708 2962 εὺπινής
731 2877 817 2956 quod
841 2877 881 2942 de
905 2878 1002 2942 rebus
1023 2876 1179 2960 aerugine
1198 2876 1299 2942 nobili
1319 2877 1446 2944 ornatis

249 2979 393 3046 dieitur
417 2981 602 3048 derivatum
625 2987 685 3048 est.

360 3089 505 3153 Restant
517 3089 666 3155 undeoim
682 3091 844 3157 voeabula
861 3090 947 3156 binis
964 3091 1155 3172 composita,
1169 3091 1285 3172 quibus
1303 3091 1445 3173 seriptor

272 3193 424 3261 notiones
451 3195 493 3260 ad
517 3215 598 3276 quas
623 3195 835 3279 explicandas
851 3198 962 3264 multis
979 3198 1088 3264 verbis
1104 3198 1236 3264 videtur
1256 3217 1337 3279 opus
1362 3217 1442 3280 1111,

272 3302 463 3369 brevissime
487 3302 658 3385 expressit.
698 3304 781 3370 Sunt
805 3306 894 3384 41,1
920 3307 1116 3393 preponatur,
1142 3306 1232 3386 43‚o
1257 3309 1443 3393 μικροποιός,

272 3410 355 3490 39‚4
371 3414 587 3498 μεγεθοποιός,
604 3412 684 3492 28,1
702 3415 901 3499 ὑψηλοποιὸς,
919 3414 971 3488 24,
986 3413 1005 3476 3
1021 3414 1231 3500 ὑψηλοφανής,
1252 3413 1330 3494 11,1
1349 3437 1444 3499 τοπη-

271 3520 369 3605 γορία,
389 3518 419 3599 9,
439 3519 480 3582 14
490 3520 683 3605 συομορφὲω,
697 3519 777 3596 43,4
792 3521 1011 3606 φορταγωγὲω,
1028 3519 1290 3606 15,5ποκοειδής,
1309 3519 1444 3585 51111νό-

272 3629 414 3709 olonna,
445 3627 531 3706 quod
556 3625 751 3692 vocabulum
779 3626 922 3691 fortasse
946 3645 1005 3706 per
1034 3625 1220 3708 analogiam
1243 3626 1334 3692 voois
1358 3629 1444 3696 κενὸ-

271 3736 405 3811 analag
435 3731 614 3799 formatum
637 3739 697 3812 est,
732 3717 762 3812 8,
791 3734 1043 3820 1111πὴ1111
1072 3733 1158 3812 quod
1190 3751 1262 3798 oum
1286 3733 1445 3798 similibus

272 3848 388 3906 auotor
405 3839 550 3906 fortasse
567 3859 608 3905 ex
624 3841 795 3906 Theodoro
812 3840 964 3905 Gadareo
985 3839 1041 3924 (of.
1060 3860 1090 3921 p.
1112 3841 1141 3921 6,
1161 3840 1215 3926 11)
1232 3839 1443 3921 deprompsit.

360 3949 453 4014 Haeo
470 3947 640 4014 sufficiant
661 3948 704 4014 ad
719 3954 824 4012 artem
841 3968 905 4028 qua
922 3955 1037 4013 auctor
1052 3947 1086 4012 11
1103 3946 1262 4030 eligendis
1275 3946 1444 4014 voeabidis

272 4076 351 4122 usus
380 4061 430 4121 est
460 4056 755 4122 demonstrandam.
806 4056 957 4120 Ceterum
981 4074 1053 4119 oum
1077 4056 1119 4118 ab
1143 4061 1278 4120 auotore
1303 4054 1445 4120 orationi

273 4162 401 4230 sublimi
417 4163 516 4229 etiam
531 4162 687 4229 idiotismi
704 4162 926 4228 concedantur
939 4161 1003 4247 (45,
1020 4163 1059 4225 11
1077 4167 1158 4230 ἔστιν
1177 4161 1225 4248 ἄρ’
1241 4165 1257 4228 ὁ
1274 4166 1445 4250 ἰδιωτισμὸς

272 4273 367 4339 ἐνίοτε
394 4285 448 4338 τοῦ
476 4274 595 4358 κόσμου
623 4276 708 4357 παρὰ
735 4274 815 4337 πολὺ
844 4268 1151 4356 ὲμφανιστικὼτερον)
1180 4268 1251 4350 ipse
1274 4267 1444 4334 vocabulis

272 4383 447 4466 ὑδρωπικοῦ
459 4379 501 4464 (6,
510 4379 542 4462 2)
552 4382 689 4466 pontano
701 4379 744 4464 (6,
752 4378 795 4464 9),
816 4381 996 4454 ποκοειδοῠς
1009 4377 1072 4458 (29,
1081 4375 1147 4462 23),
1162 4375 1319 4440 similibus
1330 4375 1443 4440 utitur.
