3268 5002
780 345 1000 434 -ra-

306 535 523 618 scriptoribus
547 537 658 604 multis
682 538 904 621 gratissimum
929 538 1003 605 fuit.
1016 538 1039 623 1)
1090 539 1171 606 Puri
1195 544 1305 606 alutem
1328 539 1473 606 trochaei

306 647 340 707 et
367 643 500 709 molossi
522 643 574 710 his
597 650 732 710 exstent
759 645 856 711 locis:
886 647 976 712 218
1001 645 1167 734 εὐκλεί]αις
1190 652 1242 714 τὸν
1266 650 1371 714 αἰῶνα.
1408 647 1474 726 3,9

305 747 427 836 ἑτέρ]ως
446 755 518 838 ἔχον
542 753 628 839 φημί.
668 752 759 834 3,12
782 750 919 838 πάνίτων
943 755 1124 840 ὑφέστηκεν.
1166 754 1231 836 5,8
1254 755 1474 840 ἣδεδείνωται.

304 856 393 938 5,11
420 854 523 943 cilicia
547 861 775 945 ἀσύγγνωστον.
812 859 903 940 5,13
928 857 1059 946 μάλ]λον
1085 865 1121 926 τά
1143 863 1347 948 Κλειτάρχου.
1384 859 1413 942 5,
1433 860 1473 924 22

304 961 479 1050 ξηρότηίτος
495 967 698 1051 κατάγνωσιν.
732 966 762 1048 6,
778 966 798 1029 9
818 970 870 1032 καί
886 969 1073 1052 κακόζηλον.
1107 967 1137 1048 8,
1155 969 1171 1029 1
1189 970 1312 1054 γράίιρει
1327 967 1473 1052 πολιτείᾳ.

304 1071 333 1152 9,
353 1071 374 1134 4
396 1075 472 1156 πρὸς
494 1076 546 1137 τὸν
570 1074 676 1138 αἰῶνα.
716 1072 746 1152 9,
768 1072 809 1137 18
833 1085 960 1160 πρᾶγμα
980 1075 1163 1160 δύσληπτον.
1203 1075 1232 1156 9,
1253 1075 1292 1138 21
1314 1076 1475 1154 ἀδύνα]τον

304 1179 497 1264 πορίζεσθαι.
540 1178 590 1260 10,
614 1177 634 1241 9
658 1182 700 1256 εἰς
724 1181 904 1266 άπαίιξησιν.
949 1179 1274 1267 10,14άρέσκ]οντα
1296 1185 1349 1247 καί
1372 1192 1473 1246 πᾶσιν.

306 1283 395 1364 11,5
419 1286 620 1371 πεποι1ημένη
644 1286 733 1365 λέξις.
782 1286 869 1368 12,9
893 1289 1011 1373 μάλλον
1034 1290 1054 1373 ἢ
1078 1290 1200 1373 κτητόν.
1250 1287 1358 1369 12,13
1383 1310 1475 1374 μεγα·

304 1393 508 1477 λοφροσίννίης
526 1393 688 1478 άπίηχημα.
721 1393 772 1472 12,
791 1393 831 1456 16
848 1395 982 1474 πάνίτως
998 1398 1176 1479 ἀναγκαῖον.
1209 1394 1317 1476 12,17
1336 1396 1476 1480 φρόνημα

303 1501 356 1563 καί
380 1499 512 1583 ἀγεννές.
560 1499 609 1580 13,
629 1499 648 1562 8
672 1511 729 1585 γῆς
753 1501 914 1586 διάστημα.
959 1500 1009 1582 13,
1031 1501 1071 1564 13
1096 1501 1178 1566 ἀλλὰ
1202 1503 1337 1587 μισητὸν.
1387 1498 1474 1582 14,3

303 1616 365 1671 τῶν
389 1607 473 1670 θεῶν
496 1608 592 1671 ίπποι.
634 1606 683 1688 15,
703 1605 723 1669 9
748 1604 896 1693 άκρα]τον
919 1609 1109 1693 παρίστησιν.
1155 1607 1266 1690 15,10
1290 1621 1344 1674 τοῠ
1367 1609 1475 1674 Ποσει·

304 1714 409 1789 cavoa
458 1712 507 1793 16,
538 1711 578 1776 15
609 1715 829 1799 ἀντιτάττηται.
878 1715 930 1794 17,
956 1715 973 1778 1
1004 1727 1057 1800 τῆς
1087 1713 1273 1792 Ὀδυσσείας.
1315 1716 1373 1794 .17,
1404 1715 1424 1779 9
1455 1715 1473 1798 ἡ

303 1817 473 1888 Ὀδύσσεια.
524 1819 573 1901 18,
597 1820 616 1883 3
641 1820 695 1884 καί
717 1844 806 1886 τινων
831 1822 943 1886 ἄλλων.
992 1821 1042 1902 18,
1068 1821 1108 1884 13
1132 1827 1187 1907 την
1212 1821 1403 1891 Ὀδυσσείαν.

393 1925 711 2007 Pseudo-Longinus
740 1926 831 2008 8,18
863 1926 968 1990 locum
997 1927 1204 1992 Platonicum
1237 1927 1289 2010 (de
1319 1927 1404 2018 legg.
1430 1925 1474 1990 Vl

303 2052 333 2112 p.
355 2032 479 2115 7781).)
514 2031 639 2112 laudat,
676 2031 732 2097 irbi
762 2032 946 2112 philosophi
974 2034 1076 2100 uerba
1104 2035 1185 2098 haec
1216 2041 1308 2098 siunt:
1344 2039 1413 2122 περὶ
1443 2036 1474 2099 δὲ

303 2151 423 2226 τειχῶν,
449 2139 473 2203 ὧ
493 2140 638 2224 Μέγιλλε,
664 2138 756 2225 ἔγωγ’
773 2143 809 2206 ἂν
832 2153 870 2226 τῇ
886 2141 1013 2226 Σπάρτη
1029 2142 1236 2228 ξυμφεροίμην
1259 2147 1294 2207 τὸ
1310 2144 1474 2207 καθεύδειν

303 2250 356 2313 ἐᾶν
381 2249 412 2313 ἐν
436 2259 473 2332 τῇ
496 2258 536 2332 γη
560 2247 767 2331 κατακείμενα
790 2250 829 2310 τά
851 2247 938 2332 τείχη
961 2250 1014 2312 καί
1038 2253 1079 2333 μὴ
1104 2250 1309 2315 ἐπανιστάναι.
1355 2248 1472 2312 Verum

304 2360 430 2432 auotor,
456 2359 493 2418 ut
509 2352 599 2416 locos
624 2351 746 2416 alienos
764 2359 893 2416 mutare
916 2351 1009 2432 solet,
1033 2353 1120 2418 hunc
1144 2352 1244 2418 etiam
1259 2353 1378 2434 variat,
1406 2371 1472 2418 cum

303 2467 438 2542 praeter
461 2458 527 2524 alia
550 2478 616 2524 non
640 2462 846 2541 ἐπανιστάναι,
870 2458 926 2524 sed
945 2461 1171 2527 ἐπανίστασθαι
1195 2460 1317 2525 scribit.
1356 2462 1472 2527 Possu-

301 2587 372 2632 mus
405 2585 477 2631 cum
508 2565 658 2630 Herselio
692 2563 762 2650 (1.1.
783 2565 848 2652 29.)
881 2584 948 2630 rem
981 2565 1030 2630 ite
1063 2566 1227 2648 explicare
1260 2575 1297 2631 ut
1332 2566 1473 2632 dicemus

301 2673 491 2739 memoriter
506 2672 633 2752 lapsum
652 2690 722 2736 esse
738 2672 903 2737 rhetorem
918 2691 978 2753 pro
996 2672 1104 2738 activo
1121 2676 1318 2741 ἐπανιστάναι
1335 2672 1471 2738 afferen-

302 2788 368 2845 tem
385 2781 620 2846 ἐπανίστασθαι.
661 2778 724 2844 Sed
748 2797 820 2842 cum
843 2779 1015 2844 molossum
1040 2779 1091 2844 oui
1115 2780 1290 2845 trochaeus
1309 2777 1473 2844 antecedit

176 2907 181 2918 ·
303 2884 488 2966 saepissime
517 2886 559 2948 ab
587 2901 625 2950 eo
653 2884 687 2948 in
712 2884 865 2950 clausulis
893 2885 972 2966 poni
994 2887 1088 2952 modo
1112 2886 1298 2967 viderimus,
1328 2887 1473 2969 cogitare

302 3011 471 3074 possumus
494 2992 534 3056 de
550 2990 714 3056 industria
730 3011 750 3054 a
765 2990 1060 3074 Pseudo-Longino
1076 2995 1303 3061 ἐπανίστασθαι
1319 2993 1473 3075 scriptum

303 3118 382 3180 esse,
408 3106 444 3163 ut
468 3097 522 3163 ille
542 3115 695 3162 numerus
712 3095 910 3162 efficeretur.
946 3099 1028 3163 Nam
1048 3098 1148 3164 etiam
1172 3101 1202 3180 8,
1222 3101 1262 3165 16
1279 3119 1320 3164 ex
1335 3100 1473 3165 Platone

302 3207 414 3272 eodem
453 3223 587 3271 numero
623 3203 796 3284 assumpsit
835 3207 1062 3292 κυπα]ριττίνας
1095 3208 1214 3293 μνήμας
1249 3205 1303 3292 (de
1336 3202 1472 3290 legg,V

302 3335 332 3395 p.
350 3312 479 3396 7410.);
504 3310 643 3378 mammo
660 3318 769 3376 auitam
785 3309 1003 3376 conferendus
1019 3319 1068 3376 est
1086 3331 1189 3392 aeque
1206 3312 1369 3378 formatus
1384 3313 1472 3379 locus

302 3421 409 3502 9,12;
435 3420 592 3499 ἐναντίίιον
616 3419 830 3484 καθίστανται.

391 3525 473 3590 Aliis
507 3524 588 3589 locis
619 3525 739 3606 longae
772 3541 883 3588 eorum
914 3541 1123 3589 numerorum
1154 3524 1300 3608 syllabae
1332 3525 1365 3590 in
1395 3528 1473 3591 duas

301 3635 418 3699 breves
451 3631 629 3697 dissolutae
664 3636 749 3695 sunt.
806 3631 924 3709 Itaque
956 3631 1105 3696 trochaei
1137 3631 1237 3713 louge
1265 3632 1391 3714 syllaba
1426 3629 1472 3696 bis
1584 3635 1585 3638 ’

302 3738 505 3806 dissolvitur:
531 3738 623 3816 5,11
650 3735 871 3823 ἐπιίδεχομίνῳ
895 3740 1032 3824 στάμιρον
1056 3744 1090 3802 et
1108 3739 1138 3818 5,
1157 3739 1199 3803 24
1223 3741 1355 3826 εὐ]γενὲς
1379 3740 1471 3826 ἁμάρ-

302 3872 393 3934 τημα.
440 3843 573 3910 Molossi
596 3851 705 3908 autem
730 3842 835 3924 prima
858 3841 985 3924 syllaba
1008 3843 1108 3926 louge
1132 3844 1290 3910 dissoluta
1314 3851 1363 3909 est
1387 3844 1471 3910 hisce

300 3952 393 4019 locis:
442 3953 472 4031 2,
497 3951 517 4016 8
550 3952 633 4030 άξιον
666 3953 806 4017 ἐπαινεῖν.
868 3950 898 4028 4,
928 3949 970 4014 10
1002 3950 1286 4037 χρηστομαίθοῠσιν
1319 3956 1469 4040 ἐπιτιμῶν.

301 4060 332 4138 5,
359 4059 400 4124 15
430 4061 513 4124 ἀλλὰ
541 4058 688 4144 μετέωρα.
747 4056 778 4135 5,
804 4057 845 4120 23
874 4055 963 4122 τοῦθ’
993 4058 1205 4143 ὑποφέρονται.
1264 4060 1315 4139 16,
1337 4058 1379 4123 13
1410 4057 1470 4142 elye

390 4307 411 4378 1)
431 4308 471 4361 De
489 4306 539 4359 hac
558 4304 679 4357 clausula
698 4309 726 4357 et
738 4302 871 4356 similibus
884 4302 1027 4356 subtiliora
1039 4303 1113 4356 dedit
1123 4304 1166 4356 W.
1177 4305 1270 4371 Meyer
1287 4305 1316 4359 in
1329 4305 1470 4373 bettinga

301 4397 353 4466 gel.
374 4399 442 4450 Airz.
462 4414 485 4450 a.
505 4393 733 4459 mobebxsffl„
752 4409 778 4444 n.
798 4393 822 4445 1.
