3268 5002
672 283 895 347 „31-

200 474 316 554 qubus
328 473 472 540 iucunda
485 475 592 542 forma
604 479 755 559 responsi
771 480 814 544 ad
829 479 1124 562 interrogationem
1140 479 1211 544 dati
1228 479 1375 545 auctoris

199 581 336 646 alicuius
359 583 462 647 verba
486 582 692 650 adferuntur.
737 585 821 652 Sunt
851 590 961 651 antem
984 586 1018 650 hi
1040 585 1117 650 loci:
1151 587 1202 668 13,
1230 587 1270 650 13
1302 589 1318 652 ό
1342 589 1376 652 δὲ

198 699 263 765 πῶς
286 690 449 775 μεγεθόνει
472 695 511 755 τὰ
534 694 688 778 δαιμόνια;

286 799 379 861 ὅσσον
403 795 429 860 δ’
453 800 609 884 ήεροειδής
633 803 709 885 ἀνὴρ
732 803 795 866 ἴδεν
820 803 1028 886 ὀφθαλμοῖσιν
1052 817 1118 878 eqs,

287 903 315 982 7,
343 903 384 965 12
412 915 474 981 τοῖς
498 908 531 970 δὲ
554 903 731 992 Ἀθηναίοις
756 910 881 972 ἁλοῦσιν
904 911 972 992 περί
996 908 1140 972 Σικελίαν
1168 908 1234 971 τίνα
1262 909 1375 992 τρόπον

195 1011 345 1094 ἐπι-φωνεῖ
375 1007 431 1094 [sc.
465 1009 645 1098 Timaeus];
681 1013 764 1078 Post
801 1013 886 1077 hanc
923 1012 1215 1095 interrogationem
1250 1011 1375 1076 Timaei

195 1115 299 1180 verba
321 1115 446 1195 laudat,
467 1117 539 1182 sed
562 1116 620 1198 ita,
650 1125 687 1183 ut
711 1137 811 1199 saepe
836 1120 923 1199 apud
948 1119 1094 1184 Graecos
1118 1125 1178 1199 est,
1204 1123 1241 1182 ut
1264 1118 1305 1183 iis
1330 1123 1374 1184 ότι

166 1294 168 1297 .
198 1221 360 1302 particula
389 1223 637 1302 praemittatur:
688 1231 731 1291 ότι
764 1225 825 1304 ςείς
857 1231 908 1292 τόν
939 1225 1054 1312 Ἑρμῆν
1088 1227 1294 1311 ἀσεβήσαντες
1321 1228 1374 1290 καί

199 1331 421 1413 περικόψαντες
444 1342 538 1396 αὐτοῦ
562 1337 601 1396 τὰ
625 1335 790 1419 ἀγάλματα
814 1351 880 1412 eqs,

287 1435 338 1515 22,
356 1436 375 1499 2
400 1433 488 1499 inter
510 1435 805 1520 interrogationem
829 1444 864 1503 et
880 1437 1014 1502 Homeri
1030 1439 1134 1504 verba
1150 1457 1235 1519 quae
1257 1437 1374 1502 laudat

197 1541 425 1622 parenthetice
459 1543 625 1608 sententia
648 1544 939 1625 interpositaest:
972 1549 988 1611 ὁ
1012 1549 1046 1610 δὲ
1069 1544 1204 1631 ’Όμηρος
1228 1557 1310 1627 nug
1341 1547 1373 1609 ἓν

195 1653 255 1735 γὰρ
279 1653 341 1714 ἀπὸ
366 1652 491 1728 πολλῶν
515 1653 678 1736 λεγέσθω·

285 1759 318 1822 ἓν
342 1755 368 1822 δ’
392 1755 486 1839 ἔπεα,
512 1759 554 1834 ὡς
578 1763 628 1822 ὅτε
652 1772 735 1845 κῦμα
760 1762 823 1845 θοή
848 1762 880 1824 ἐν
904 1763 954 1845 νηί·
976 1760 1179 1844 πόσῃσιθυυ.

287 1863 338 1942 19,
369 1865 389 1927 4
434 1869 551 1927 auctor
587 1863 784 1948 interrogat,
824 1865 880 1929 ubi
919 1865 1050 1945 Sappho
1090 1882 1241 1946 magnam
1260 1889 1262 1894 ·
1281 1881 1405 1927 suam-

198 1968 393 2036 iacultatem
410 1971 687 2050 opportunissima
703 1990 851 2052 quaeque
874 1989 915 2035 ex
939 1972 1036 2035 rebus
1053 1968 1195 2054 eligendi
1218 1975 1318 2049 atque
1334 1986 1373 2032 ea

201 2075 415 2158 coniungendi
431 2081 601 2142 monstret.
626 2077 876 2143 Celeberrimum
892 2077 962 2143 eius
979 2096 1110 2142 carmen
1127 2077 1214 2157 quod
1230 2075 1373 2157 scriptor

200 2181 294 2248 uobis
310 2183 456 2249 Servavit
480 2185 618 2270 φαίνεταί
642 2209 691 2270 μοι
715 2199 808 2272 κήνος
827 2189 892 2262 ἴσος
912 2187 1030 2251 θεοῖσιν
1050 2183 1153 2271 ἔμμεν
1174 2186 1266 2270 ὡνήρ,
1291 2189 1372 2261 ὅστις

199 2308 263 2370 eqs,
285 2288 418 2355 adferre
436 2290 471 2354 in
490 2291 598 2355 animo
618 2291 726 2356 habet.
751 2292 814 2357 Sed
834 2297 1012 2372 antequam
1030 2291 1064 2355 id
1083 2290 1198 2370 faciat,
1216 2308 1372 2354 summam

196 2396 284 2461 illam
308 2397 469 2477 poetriam
494 2403 563 2461 tum
586 2397 724 2462 maxime
744 2403 847 2463 artem
869 2415 960 2462 suam
980 2404 1166 2462 monstrare
1185 2396 1274 2474 dicit,
1300 2413 1372 2461 cum

195 2502 452 2568 eminentissima
468 2503 604 2582 quaevis
621 2510 655 2568 et
672 2503 832 2568 altissima
857 2503 1000 2568 scienter
1024 2503 1149 2586 deligat
1169 2509 1203 2567 et
1223 2502 1369 2582 copulet:

196 2622 251 2676 ποῖ
271 2614 305 2676 δὲ
323 2616 378 2696 τήν
398 2614 509 2696 ἀρετήν
528 2613 761 2693 ἀποδείκνυται;
787 2616 837 2676 ὅτε
856 2616 894 2676 τὰ
914 2615 995 2696 ἄκρα
1015 2613 1188 2676 αὐτῶνκαὶ
1208 2613 1371 2694 ὑπερτετα-

196 2719 272 2804 μένα
303 2721 465 2803 δεινή.καί
494 2719 616 2796 ἐκλέξαι
641 2722 692 2783 καί
717 2721 758 2795 είς
783 2721 906 2804 ἄλληλα
929 2721 1086 2804 συνδῆσαι.
1134 2718 1281 2782 Φαίνεται
1306 2733 1371 2794 eus,

284 2824 402 2888 Adhuc
432 2842 497 2887 non
529 2823 653 2906 egimus
683 2824 747 2889 nisi
771 2825 811 2888 de
834 2825 874 2889 iis
899 2823 1166 2904 subiectionibus,
1196 2821 1372 2903 inquibus

195 2949 389 3011 responsum
422 2929 659 2994 enuntiationis
692 2930 914 2997 affirmativae
947 2930 1055 2996 forma
1088 2931 1272 3011 praeditum
1303 2934 1370 3008 est;

196 3054 309 3102 verum
341 3036 414 3102 aliis
437 3035 518 3101 locis
542 3055 736 3118 responsum
760 3037 1032 3120 interrogationis
1057 3037 1242 3100 rhetoricae
1267 3037 1372 3100 forma

196 3145 304 3210 datur.
352 3141 451 3208 Velut
475 3145 505 3220 6,
537 3143 557 3206 5
581 3142 735 3226 legimus:
767 3147 795 3210 τί
819 3144 886 3210 ποτ’
911 3145 963 3210 οὖν
988 3150 1021 3210 τό
1047 3145 1246 3230 μειρακιῶδές
1274 3145 1370 3224 ἐστιν;

195 3254 215 3336 ή
252 3254 346 3336 δῆλον
382 3252 423 3327 ὡς
461 3253 654 3336 σχολαστική
691 3254 803 3337 νόησις,
843 3255 902 3317 ὑπὸ
942 3253 1113 3337 περιεργίας
1151 3250 1291 3335 λήγουσα
1330 3251 1371 3323 εἰς

196 3359 394 3443 ψυχρότητας
434 3358 486 3437 34,
512 3357 555 3420 24
589 3359 618 3423 τί
649 3356 675 3422 δ’
706 3360 809 3424 ἐκεῖνα
845 3370 960 3444 φῶμεν,
1004 3363 1058 3433 τὰς
1093 3358 1215 3431 πεύσεις
1247 3377 1280 3418 τε
1318 3357 1371 3418 καί

196 3467 378 3549 ἐρωτήσεις,
415 3465 474 3549 ἄρα
511 3468 580 3528 οὐκΙ
595 3469 701 3540 αὐταῖς
733 3467 798 3541 ταῖς
821 3476 882 3530 τῶν
906 3467 1074 3552 σχήμοίτιυν
1099 3464 1263 3537 είδοποίαις
1286 3464 1371 3545 παρὰ

196 3573 276 3636 πολὺ
300 3573 535 3656 ἐμπρακτότερα
559 3575 612 3635 καί
636 3572 835 3657 σοβαρώτερα
859 3573 1003 3637 συντείνει
1027 3575 1066 3635 τὰ
1088 3571 1256 3655 λεγόμενα;

285 3675 411 3758 Quibus
427 3676 586 3756 expositis
604 3677 646 3741 ad
662 3677 1017 3758 praesumptionem
1034 3681 1252 3754 transeamus
1274 3692 1372 3753 qnam

195 3801 267 3848 earn
292 3782 478 3847 sententiae
501 3783 639 3866 figuram
663 3783 882 3866 intellegimus
907 3803 971 3862 qua
996 3789 1120 3862 auctor,
1155 3799 1219 3860 quo
1252 3779 1373 3844 clarior

195 3895 229 3954 et
254 3889 425 3954 dilucidior
449 3889 616 3954 sententia
640 3891 708 3967 fiat,
741 3889 774 3953 id
806 3891 891 3969 quod
916 3889 1128 3954 adversarius
1151 3887 1250 3970 longe
1275 3886 1372 3951 aliter

194 3997 234 4060 de
274 4015 310 4060 re
349 3996 496 4061 sentiens
532 3996 659 4060 obicere
696 4003 816 4076 potest,
854 4002 994 4076 occupat
1027 4000 1061 4060 et
1093 3993 1230 4059 refutat.
1288 3994 1371 4058 Nam

194 4101 399 4168 refutatione
423 4104 598 4169 verborum
621 4102 689 4167 ficti
712 4103 799 4167 illins
824 4101 1007 4168 adversarii
1029 4101 1174 4182 impedit,
1200 4099 1371 4180 quominus

194 4226 230 4273 re
250 4228 330 4275 vcra
350 4208 521 4289 quisquam
541 4209 623 4274 talia
643 4216 760 4273 contra
780 4209 876 4273 dicat.
915 4207 1015 4272 Cuius
1034 4208 1160 4290 figurae
1179 4227 1258 4272 usus
1283 4207 1371 4286 apud

194 4335 392 4398 anonymum
427 4335 493 4380 non
529 4316 625 4382 valde
661 4315 817 4395 frequens
853 4321 913 4381 est.
972 4317 1022 4380 Ac
1057 4314 1194 4396 primum
1230 4312 1369 4393 quidem,
