<?xml version="1.0" encoding="UTF-8"?>
<!DOCTYPE html PUBLIC "-//W3C//DTD XHTML 1.0 Transitional//EN"
    "http://www.w3.org/TR/xhtml1/DTD/xhtml1-transitional.dtd">
<html xmlns="http://www.w3.org/1999/xhtml" xml:lang="en" lang="en">
 <head>
  <title>
</title>
<meta http-equiv="Content-Type" content="text/html;charset=utf-8" />
  <meta name='ocr-system' content='tesseract 3.04.00' />
  <meta name='ocr-capabilities' content='ocr_page ocr_carea ocr_par ocr_line ocrx_word'/>
</head>
<body>
  <div class='ocr_page' id='page_1' title='image "./deanonymiperihy00freygoog_0080.png"; bbox 0 0 3268 5002; ppageno 0'>
   <div class='ocr_carea' id='block_1_1' title="bbox 642 344 863 407">
    <p class='ocr_par' dir='ltr' id='par_1_1' title="bbox 642 344 863 407">
     <span class='ocr_line' id='line_1_1' title="bbox 642 344 863 407; baseline -0.005 -18"><span class='ocrx_word' id='word_1_1' title='bbox 642 344 863 407; x_wconf 58' lang='lat'>„75-</span> 
     </span>
    </p>
   </div>
   <div class='ocr_carea' id='block_1_2' title="bbox 25 535 1409 4468">
    <p class='ocr_par' dir='ltr' id='par_1_2' title="bbox 25 535 1409 4468">
     <span class='ocr_line' id='line_1_2' title="bbox 157 535 1340 626; baseline 0.004 -26"><span class='ocrx_word' id='word_1_2' title='bbox 157 535 251 600; x_wconf 88' lang='lat' dir='ltr'>cuius</span> <span class='ocrx_word' id='word_1_3' title='bbox 281 541 315 603; x_wconf 86' lang='grc' dir='ltr'>δὲ</span> <span class='ocrx_word' id='word_1_4' title='bbox 339 541 380 603; x_wconf 89' lang='lat' dir='ltr'>ad</span> <span class='ocrx_word' id='word_1_5' title='bbox 403 537 520 620; x_wconf 90' lang='lat' dir='ltr'>prioris</span> <span class='ocrx_word' id='word_1_6' title='bbox 544 542 598 626; x_wconf 83' lang='grc' dir='ltr'>μὲν</span> <span class='ocrx_word' id='word_1_7' title='bbox 622 543 749 620; x_wconf 86' lang='lat' dir='ltr'>spectat</span> <span class='ocrx_word' id='word_1_8' title='bbox 772 539 1018 625; x_wconf 76' lang='grc' dir='ltr'>ἐπισκεψώμεθα</span> <span class='ocrx_word' id='word_1_9' title='bbox 1043 539 1199 604; x_wconf 88' lang='lat' dir='ltr'>vocabulo</span> <span class='ocrx_word' id='word_1_10' title='bbox 1221 537 1340 605; x_wconf 89' lang='lat' dir='ltr'>finitur.</span> 
     </span>
     <span class='ocr_line' id='line_1_3' title="bbox 156 643 1409 728; baseline 0.006 -22"><span class='ocrx_word' id='word_1_11' title='bbox 156 643 222 706; x_wconf 79' lang='lat' dir='ltr'>illa</span> <span class='ocrx_word' id='word_1_12' title='bbox 248 649 368 727; x_wconf 88' lang='lat' dir='ltr'>autem,</span> <span class='ocrx_word' id='word_1_13' title='bbox 392 665 476 726; x_wconf 70' lang='lat' dir='ltr'>qliae</span> <span class='ocrx_word' id='word_1_14' title='bbox 499 646 594 728; x_wconf 83' lang='lat' dir='ltr'>longe</span> <span class='ocrx_word' id='word_1_15' title='bbox 617 645 720 710; x_wconf 89' lang='lat' dir='ltr'>maior</span> <span class='ocrx_word' id='word_1_16' title='bbox 744 652 801 727; x_wconf 91' lang='lat' dir='ltr'>est,</span> <span class='ocrx_word' id='word_1_17' title='bbox 825 644 964 726; x_wconf 74' lang='lat' dir='ltr'>scriptor</span> <span class='ocrx_word' id='word_1_18' title='bbox 987 647 1027 708; x_wconf 92' lang='lat' dir='ltr'>de</span> <span class='ocrx_word' id='word_1_19' title='bbox 1045 644 1128 709; x_wconf 90' lang='lat' dir='ltr'>libro</span> <span class='ocrx_word' id='word_1_20' title='bbox 1148 664 1242 725; x_wconf 90' lang='lat' dir='ltr'>quem</span> <span class='ocrx_word' id='word_1_21' title='bbox 1261 645 1340 710; x_wconf 81' lang='lat' dir='ltr'>Cae·</span> <span class='ocrx_word' id='word_1_22' title='bbox 1406 708 1409 714; x_wconf 89' lang='lat'>.</span> 
     </span>
     <span class='ocr_line' id='line_1_4' title="bbox 159 749 1341 833; baseline 0.004 -20"><span class='ocrx_word' id='word_1_23' title='bbox 159 749 255 816; x_wconf 89' lang='lat' dir='ltr'>cilius</span> <span class='ocrx_word' id='word_1_24' title='bbox 286 753 325 815; x_wconf 91' lang='lat' dir='ltr'>de</span> <span class='ocrx_word' id='word_1_25' title='bbox 353 751 553 816; x_wconf 87' lang='lat' dir='ltr'>sublimitate</span> <span class='ocrx_word' id='word_1_26' title='bbox 582 752 712 833; x_wconf 81' lang='lat' dir='ltr'>scripsit</span> <span class='ocrx_word' id='word_1_27' title='bbox 739 751 892 817; x_wconf 90' lang='lat' dir='ltr'>iudicium</span> <span class='ocrx_word' id='word_1_28' title='bbox 920 751 994 832; x_wconf 80' lang='lat' dir='ltr'>fert,</span> <span class='ocrx_word' id='word_1_29' title='bbox 1025 752 1085 816; x_wconf 89' lang='lat' dir='ltr'>hac</span> <span class='ocrx_word' id='word_1_30' title='bbox 1108 751 1227 816; x_wconf 89' lang='lat' dir='ltr'>librum</span> <span class='ocrx_word' id='word_1_31' title='bbox 1250 771 1341 818; x_wconf 90' lang='lat' dir='ltr'>suum</span> 
     </span>
     <span class='ocr_line' id='line_1_5' title="bbox 156 856 1340 940; baseline 0.003 -20"><span class='ocrx_word' id='word_1_32' title='bbox 156 856 275 940; x_wconf 85' lang='lat' dir='ltr'>amice,</span> <span class='ocrx_word' id='word_1_33' title='bbox 308 857 363 938; x_wconf 91' lang='lat' dir='ltr'>qui</span> <span class='ocrx_word' id='word_1_34' title='bbox 395 877 429 922; x_wconf 91' lang='lat' dir='ltr'>se</span> <span class='ocrx_word' id='word_1_35' title='bbox 458 858 645 923; x_wconf 89' lang='lat' dir='ltr'>adlibrum</span> <span class='ocrx_word' id='word_1_36' title='bbox 673 858 877 924; x_wconf 84' lang='lat' dir='ltr'>scribendmn</span> <span class='ocrx_word' id='word_1_37' title='bbox 905 856 1102 939; x_wconf 74' lang='lat' dir='ltr'>incitaverit,</span> <span class='ocrx_word' id='word_1_38' title='bbox 1132 861 1340 923; x_wconf 89' lang='lat' dir='ltr'>commendat.</span> 
     </span>
     <span class='ocr_line' id='line_1_6' title="bbox 157 964 1340 1048; baseline 0.001 -21"><span class='ocrx_word' id='word_1_39' title='bbox 157 965 273 1044; x_wconf 88' lang='lat' dir='ltr'>Atque</span> <span class='ocrx_word' id='word_1_40' title='bbox 305 965 395 1030; x_wconf 88' lang='lat' dir='ltr'>illam</span> <span class='ocrx_word' id='word_1_41' title='bbox 423 966 551 1045; x_wconf 86' lang='lat' dir='ltr'>quidem</span> <span class='ocrx_word' id='word_1_42' title='bbox 584 971 709 1048; x_wconf 89' lang='lat' dir='ltr'>partem</span> <span class='ocrx_word' id='word_1_43' title='bbox 739 965 787 1030; x_wconf 85' lang='lat' dir='ltr'>ita</span> <span class='ocrx_word' id='word_1_44' title='bbox 815 964 959 1029; x_wconf 90' lang='lat' dir='ltr'>inst&#39;tuit</span> <span class='ocrx_word' id='word_1_45' title='bbox 988 970 1024 1029; x_wconf 90' lang='lat' dir='ltr'>ut</span> <span class='ocrx_word' id='word_1_46' title='bbox 1052 965 1248 1030; x_wconf 90' lang='lat' dir='ltr'>sententiam</span> <span class='ocrx_word' id='word_1_47' title='bbox 1275 965 1340 1046; x_wconf 91' lang='lat' dir='ltr'>pri-</span> 
     </span>
     <span class='ocr_line' id='line_1_7' title="bbox 158 1069 1340 1154; baseline 0.003 -21"><span class='ocrx_word' id='word_1_48' title='bbox 158 1069 300 1136; x_wconf 89' lang='lat' dir='ltr'>mariam</span> <span class='ocrx_word' id='word_1_49' title='bbox 329 1091 411 1152; x_wconf 86' lang='lat' dir='ltr'>quae</span> <span class='ocrx_word' id='word_1_50' title='bbox 440 1077 510 1138; x_wconf 88' lang='lat' dir='ltr'>octo</span> <span class='ocrx_word' id='word_1_51' title='bbox 539 1072 616 1136; x_wconf 89' lang='lat' dir='ltr'>colis</span> <span class='ocrx_word' id='word_1_52' title='bbox 640 1072 832 1153; x_wconf 72' lang='lat' dir='ltr'>continetur,</span> <span class='ocrx_word' id='word_1_53' title='bbox 862 1071 965 1152; x_wconf 89' lang='lat' dir='ltr'>primo</span> <span class='ocrx_word' id='word_1_54' title='bbox 988 1073 1056 1136; x_wconf 91' lang='lat' dir='ltr'>loco</span> <span class='ocrx_word' id='word_1_55' title='bbox 1080 1078 1188 1154; x_wconf 88' lang='lat' dir='ltr'>ponat,</span> <span class='ocrx_word' id='word_1_56' title='bbox 1213 1077 1340 1149; x_wconf 87' lang='lat' dir='ltr'>senten-</span> 
     </span>
     <span class='ocr_line' id='line_1_8' title="bbox 158 1175 1341 1260; baseline 0.003 -20"><span class='ocrx_word' id='word_1_57' title='bbox 158 1175 225 1241; x_wconf 88' lang='lat' dir='ltr'>tias</span> <span class='ocrx_word' id='word_1_58' title='bbox 256 1177 288 1242; x_wconf 92' lang='lat' dir='ltr'>ei</span> <span class='ocrx_word' id='word_1_59' title='bbox 314 1177 530 1244; x_wconf 78' lang='lat' dir='ltr'>inservientes</span> <span class='ocrx_word' id='word_1_60' title='bbox 559 1179 689 1258; x_wconf 86' lang='lat' dir='ltr'>eiusque</span> <span class='ocrx_word' id='word_1_61' title='bbox 719 1197 848 1243; x_wconf 86' lang='lat' dir='ltr'>causam</span> <span class='ocrx_word' id='word_1_62' title='bbox 877 1179 1071 1260; x_wconf 70' lang='lat' dir='ltr'>adferentes</span> <span class='ocrx_word' id='word_1_63' title='bbox 1099 1198 1183 1259; x_wconf 89' lang='lat' dir='ltr'>quae</span> <span class='ocrx_word' id='word_1_64' title='bbox 1207 1198 1246 1243; x_wconf 91' lang='lat' dir='ltr'>ex</span> <span class='ocrx_word' id='word_1_65' title='bbox 1270 1184 1341 1244; x_wconf 91' lang='lat' dir='ltr'>octo</span> 
     </span>
     <span class='ocr_line' id='line_1_9' title="bbox 157 1282 1341 1367; baseline 0.004 -21"><span class='ocrx_word' id='word_1_66' title='bbox 157 1282 237 1348; x_wconf 90' lang='lat' dir='ltr'>colis</span> <span class='ocrx_word' id='word_1_67' title='bbox 262 1284 328 1349; x_wconf 89' lang='lat' dir='ltr'>illis</span> <span class='ocrx_word' id='word_1_68' title='bbox 352 1292 422 1350; x_wconf 89' lang='lat' dir='ltr'>octo</span> <span class='ocrx_word' id='word_1_69' title='bbox 446 1285 713 1367; x_wconf 88' lang='lat' dir='ltr'>respondentibus</span> <span class='ocrx_word' id='word_1_70' title='bbox 737 1285 911 1366; x_wconf 88' lang='lat' dir='ltr'>composita</span> <span class='ocrx_word' id='word_1_71' title='bbox 936 1290 993 1366; x_wconf 90' lang='lat' dir='ltr'>est,</span> <span class='ocrx_word' id='word_1_72' title='bbox 1017 1291 1089 1367; x_wconf 90' lang='lat' dir='ltr'>post</span> <span class='ocrx_word' id='word_1_73' title='bbox 1108 1305 1179 1350; x_wconf 89' lang='lat' dir='ltr'>eam</span> <span class='ocrx_word' id='word_1_74' title='bbox 1199 1288 1341 1351; x_wconf 88' lang='lat' dir='ltr'>collocet.</span> 
     </span>
     <span class='ocr_line' id='line_1_10' title="bbox 157 1391 1340 1475; baseline 0.004 -22"><span class='ocrx_word' id='word_1_75' title='bbox 157 1391 285 1456; x_wconf 82' lang='lat' dir='ltr'>Contra</span> <span class='ocrx_word' id='word_1_76' title='bbox 308 1393 495 1473; x_wconf 88' lang='lat' dir='ltr'>posterioris</span> <span class='ocrx_word' id='word_1_77' title='bbox 518 1393 622 1473; x_wconf 87' lang='lat' dir='ltr'>partis</span> <span class='ocrx_word' id='word_1_78' title='bbox 646 1392 809 1457; x_wconf 88' lang='lat' dir='ltr'>sententia</span> <span class='ocrx_word' id='word_1_79' title='bbox 826 1391 990 1475; x_wconf 84' lang='lat' dir='ltr'>primaria,</span> <span class='ocrx_word' id='word_1_80' title='bbox 1015 1413 1097 1473; x_wconf 87' lang='lat' dir='ltr'>quae</span> <span class='ocrx_word' id='word_1_81' title='bbox 1110 1395 1232 1459; x_wconf 91' lang='lat' dir='ltr'>duobus</span> <span class='ocrx_word' id='word_1_82' title='bbox 1244 1413 1340 1458; x_wconf 84' lang='lat' dir='ltr'>mern-</span> 
     </span>
     <span class='ocr_line' id='line_1_11' title="bbox 157 1498 1341 1582; baseline 0.002 -20"><span class='ocrx_word' id='word_1_83' title='bbox 157 1498 229 1562; x_wconf 89' lang='lat' dir='ltr'>hris</span> <span class='ocrx_word' id='word_1_84' title='bbox 259 1499 451 1581; x_wconf 77' lang='lat' dir='ltr'>continetur,</span> <span class='ocrx_word' id='word_1_85' title='bbox 479 1499 676 1564; x_wconf 84' lang='lat' dir='ltr'>sententiam</span> <span class='ocrx_word' id='word_1_86' title='bbox 703 1499 765 1581; x_wconf 93' lang='lat' dir='ltr'>ipsi</span> <span class='ocrx_word' id='word_1_87' title='bbox 793 1499 1025 1566; x_wconf 86' lang='lat' dir='ltr'>inservientem</span> <span class='ocrx_word' id='word_1_88' title='bbox 1053 1500 1219 1581; x_wconf 83' lang='lat' dir='ltr'>ipsamque</span> <span class='ocrx_word' id='word_1_89' title='bbox 1248 1521 1341 1582; x_wconf 88' lang='lat' dir='ltr'>prae-</span> 
     </span>
     <span class='ocr_line' id='line_1_12' title="bbox 25 1608 1342 1697; baseline 0.002 -27"><span class='ocrx_word' id='word_1_90' title='bbox 25 1671 27 1690; x_wconf 67' lang='lat'>,</span> <span class='ocrx_word' id='word_1_91' title='bbox 158 1612 344 1689; x_wconf 87' lang='lat' dir='ltr'>parantem,</span> <span class='ocrx_word' id='word_1_92' title='bbox 373 1627 455 1687; x_wconf 86' lang='lat' dir='ltr'>quae</span> <span class='ocrx_word' id='word_1_93' title='bbox 484 1627 524 1670; x_wconf 90' lang='lat' dir='ltr'>ex</span> <span class='ocrx_word' id='word_1_94' title='bbox 552 1609 675 1672; x_wconf 89' lang='lat' dir='ltr'>dnobus</span> <span class='ocrx_word' id='word_1_95' title='bbox 704 1608 780 1697; x_wconf 89' lang='lat' dir='ltr'>colis</span> <span class='ocrx_word' id='word_1_96' title='bbox 805 1608 979 1689; x_wconf 89' lang='lat' dir='ltr'>composita</span> <span class='ocrx_word' id='word_1_97' title='bbox 1003 1613 1061 1674; x_wconf 91' lang='lat' dir='ltr'>est.</span> <span class='ocrx_word' id='word_1_98' title='bbox 1089 1608 1242 1688; x_wconf 88' lang='lat' dir='ltr'>sequitur.</span> <span class='ocrx_word' id='word_1_99' title='bbox 1289 1609 1342 1672; x_wconf 86' lang='lat' dir='ltr'>Ita</span> 
     </span>
     <span class='ocr_line' id='line_1_13' title="bbox 25 1713 1341 1800; baseline 0.001 -23"><span class='ocrx_word' id='word_1_100' title='bbox 25 1739 27 1800; x_wconf 72' lang='grc'>;</span> <span class='ocrx_word' id='word_1_101' title='bbox 108 1731 111 1736; x_wconf 83' lang='grc'><strong>’</strong></span> <span class='ocrx_word' id='word_1_102' title='bbox 158 1713 209 1777; x_wconf 90' lang='lat' dir='ltr'>bis</span> <span class='ocrx_word' id='word_1_103' title='bbox 240 1720 313 1778; x_wconf 90' lang='lat' dir='ltr'>octo</span> <span class='ocrx_word' id='word_1_104' title='bbox 337 1713 414 1778; x_wconf 90' lang='lat' dir='ltr'>colis</span> <span class='ocrx_word' id='word_1_105' title='bbox 437 1714 487 1777; x_wconf 92' lang='lat' dir='ltr'>bis</span> <span class='ocrx_word' id='word_1_106' title='bbox 511 1717 572 1778; x_wconf 93' lang='lat' dir='ltr'>duo</span> <span class='ocrx_word' id='word_1_107' title='bbox 596 1720 808 1796; x_wconf 89' lang='lat' dir='ltr'>opponuntur.</span> <span class='ocrx_word' id='word_1_108' title='bbox 855 1716 918 1779; x_wconf 81' lang='lat' dir='ltr'>Sed</span> <span class='ocrx_word' id='word_1_109' title='bbox 942 1714 994 1778; x_wconf 89' lang='lat' dir='ltr'>hic</span> <span class='ocrx_word' id='word_1_110' title='bbox 1018 1718 1094 1779; x_wconf 94' lang='lat' dir='ltr'>ordo</span> <span class='ocrx_word' id='word_1_111' title='bbox 1119 1717 1241 1779; x_wconf 90' lang='lat' dir='ltr'>duobus</span> <span class='ocrx_word' id='word_1_112' title='bbox 1265 1714 1341 1778; x_wconf 90' lang='lat' dir='ltr'>colis</span> 
     </span>
     <span class='ocr_line' id='line_1_14' title="bbox 25 1803 1335 1908; baseline 0.003 -25"><span class='ocrx_word' id='word_1_113' title='bbox 25 1803 26 1818; x_wconf 12' lang='grc' dir='ltr'>ἵ</span> <span class='ocrx_word' id='word_1_114' title='bbox 158 1821 325 1902; x_wconf 86' lang='lat' dir='ltr'>turbatur,</span> <span class='ocrx_word' id='word_1_115' title='bbox 349 1820 464 1900; x_wconf 87' lang='lat' dir='ltr'>quibus</span> <span class='ocrx_word' id='word_1_116' title='bbox 487 1821 649 1886; x_wconf 84' lang='lat' dir='ltr'>sententia</span> <span class='ocrx_word' id='word_1_117' title='bbox 680 1825 760 1908; x_wconf 80' lang='grc' dir='ltr'>πλὴν</span> <span class='ocrx_word' id='word_1_118' title='bbox 784 1826 857 1899; x_wconf 76' lang='grc' dir='ltr'>ἴσως</span> <span class='ocrx_word' id='word_1_119' title='bbox 882 1827 936 1908; x_wconf 85' lang='grc' dir='ltr'>μὲν</span> <span class='ocrx_word' id='word_1_120' title='bbox 960 1827 1012 1888; x_wconf 77' lang='grc' dir='ltr'>τὸν</span> <span class='ocrx_word' id='word_1_121' title='bbox 1037 1824 1133 1907; x_wconf 75' lang='grc' dir='ltr'>ἄνδρα</span> <span class='ocrx_word' id='word_1_122' title='bbox 1156 1826 1213 1908; x_wconf 75' lang='grc' dir='ltr'>οὐχ</span> <span class='ocrx_word' id='word_1_123' title='bbox 1237 1827 1335 1898; x_wconf 77' lang='grc' dir='ltr'><strong>οὕτως</strong></span> 
     </span>
     <span class='ocr_line' id='line_1_15' title="bbox 157 1929 1342 2015; baseline 0.001 -24"><span class='ocrx_word' id='word_1_124' title='bbox 157 1929 322 1993; x_wconf 75' lang='grc' dir='ltr'>αἰτιᾶσθαι</span> <span class='ocrx_word' id='word_1_125' title='bbox 353 1940 414 1994; x_wconf 83' lang='grc' dir='ltr'>τῶν</span> <span class='ocrx_word' id='word_1_126' title='bbox 445 1931 689 2015; x_wconf 80' lang='grc' dir='ltr'>ἐκλελειμμὲνων</span> <span class='ocrx_word' id='word_1_127' title='bbox 713 1931 754 2006; x_wconf 81' lang='grc' dir='ltr'>ὡς</span> <span class='ocrx_word' id='word_1_128' title='bbox 778 1934 872 2015; x_wconf 78' lang='grc' dir='ltr'>αὐτῆς</span> <span class='ocrx_word' id='word_1_129' title='bbox 895 1941 949 2015; x_wconf 81' lang='grc' dir='ltr'>τῆς</span> <span class='ocrx_word' id='word_1_130' title='bbox 973 1929 1106 2005; x_wconf 76' lang='grc' dir='ltr'>ἐπινοίας</span> <span class='ocrx_word' id='word_1_131' title='bbox 1129 1932 1182 1993; x_wconf 80' lang='grc' dir='ltr'>καί</span> <span class='ocrx_word' id='word_1_132' title='bbox 1206 1931 1342 2014; x_wconf 74' lang='grc' dir='ltr'>σπουδῆς</span> 
     </span>
     <span class='ocr_line' id='line_1_16' title="bbox 158 2034 1342 2119; baseline 0 -21"><span class='ocrx_word' id='word_1_133' title='bbox 158 2035 245 2112; x_wconf 79' lang='grc' dir='ltr'>ἄξιον</span> <span class='ocrx_word' id='word_1_134' title='bbox 276 2037 408 2101; x_wconf 81' lang='grc' dir='ltr'>ἐπαινεῖν</span> <span class='ocrx_word' id='word_1_135' title='bbox 437 2034 615 2119; x_wconf 78' lang='lat'>(2,6—2,8)</span> <span class='ocrx_word' id='word_1_136' title='bbox 640 2035 830 2100; x_wconf 90' lang='lat' dir='ltr'>continetur.</span> <span class='ocrx_word' id='word_1_137' title='bbox 882 2037 932 2099; x_wconf 81' lang='lat' dir='ltr'>Ea</span> <span class='ocrx_word' id='word_1_138' title='bbox 961 2035 1045 2100; x_wconf 92' lang='lat' dir='ltr'>enim</span> <span class='ocrx_word' id='word_1_139' title='bbox 1069 2034 1232 2099; x_wconf 85' lang='lat' dir='ltr'>sententia</span> <span class='ocrx_word' id='word_1_140' title='bbox 1255 2034 1342 2099; x_wconf 89' lang='lat' dir='ltr'>inter</span> 
     </span>
     <span class='ocr_line' id='line_1_17' title="bbox 159 2140 1341 2224; baseline 0 -20"><span class='ocrx_word' id='word_1_141' title='bbox 159 2142 242 2204; x_wconf 89' lang='lat' dir='ltr'>duas</span> <span class='ocrx_word' id='word_1_142' title='bbox 267 2140 341 2205; x_wconf 90' lang='lat' dir='ltr'>illas</span> <span class='ocrx_word' id='word_1_143' title='bbox 365 2147 476 2222; x_wconf 87' lang='lat' dir='ltr'>partes</span> <span class='ocrx_word' id='word_1_144' title='bbox 500 2161 579 2221; x_wconf 88' lang='lat' dir='ltr'>quas</span> <span class='ocrx_word' id='word_1_145' title='bbox 604 2145 694 2207; x_wconf 88' lang='lat' dir='ltr'>modo</span> <span class='ocrx_word' id='word_1_146' title='bbox 719 2142 924 2206; x_wconf 84' lang='lat' dir='ltr'>distinximus</span> <span class='ocrx_word' id='word_1_147' title='bbox 948 2142 1142 2223; x_wconf 84' lang='lat' dir='ltr'>interposita</span> <span class='ocrx_word' id='word_1_148' title='bbox 1167 2148 1223 2205; x_wconf 88' lang='lat' dir='ltr'>est.</span> <span class='ocrx_word' id='word_1_149' title='bbox 1270 2141 1341 2224; x_wconf 78' lang='lat' dir='ltr'>era</span> 
     </span>
     <span class='ocr_line' id='line_1_18' title="bbox 160 2247 1342 2328; baseline 0 -17"><span class='ocrx_word' id='word_1_150' title='bbox 160 2265 317 2328; x_wconf 88' lang='lat' dir='ltr'>oppressa</span> <span class='ocrx_word' id='word_1_151' title='bbox 350 2268 420 2313; x_wconf 89' lang='lat' dir='ltr'>cum</span> <span class='ocrx_word' id='word_1_152' title='bbox 454 2249 690 2314; x_wconf 90' lang='lat' dir='ltr'>sententiarum</span> <span class='ocrx_word' id='word_1_153' title='bbox 719 2255 812 2313; x_wconf 92' lang='lat' dir='ltr'>tenor</span> <span class='ocrx_word' id='word_1_154' title='bbox 840 2269 903 2313; x_wconf 92' lang='lat' dir='ltr'>non</span> <span class='ocrx_word' id='word_1_155' title='bbox 931 2251 1080 2313; x_wconf 88' lang='lat' dir='ltr'>deleatur</span> <span class='ocrx_word' id='word_1_156' title='bbox 1107 2287 1150 2294; x_wconf 76' lang='lat'>-—</span> <span class='ocrx_word' id='word_1_157' title='bbox 1178 2268 1252 2312; x_wconf 92' lang='lat' dir='ltr'>nam</span> <span class='ocrx_word' id='word_1_158' title='bbox 1280 2247 1342 2312; x_wconf 87' lang='lat' dir='ltr'>nisi</span> 
     </span>
     <span class='ocr_line' id='line_1_19' title="bbox 160 2354 1342 2436; baseline 0.001 -19"><span class='ocrx_word' id='word_1_159' title='bbox 160 2357 201 2417; x_wconf 87' lang='lat' dir='ltr'>ad</span> <span class='ocrx_word' id='word_1_160' title='bbox 226 2355 439 2421; x_wconf 89' lang='lat' dir='ltr'>severitatem</span> <span class='ocrx_word' id='word_1_161' title='bbox 463 2355 573 2420; x_wconf 90' lang='lat' dir='ltr'>iudicii</span> <span class='ocrx_word' id='word_1_162' title='bbox 597 2360 680 2436; x_wconf 87' lang='lat' dir='ltr'>quod</span> <span class='ocrx_word' id='word_1_163' title='bbox 705 2359 744 2420; x_wconf 89' lang='lat' dir='ltr'>de</span> <span class='ocrx_word' id='word_1_164' title='bbox 768 2355 906 2420; x_wconf 53' lang='lat' dir='ltr'>(baccilio</span> <span class='ocrx_word' id='word_1_165' title='bbox 930 2358 1032 2420; x_wconf 90' lang='lat' dir='ltr'>latum</span> <span class='ocrx_word' id='word_1_166' title='bbox 1057 2359 1106 2418; x_wconf 91' lang='lat' dir='ltr'>est</span> <span class='ocrx_word' id='word_1_167' title='bbox 1130 2354 1342 2436; x_wconf 83' lang='lat' dir='ltr'>mitigandam</span> 
     </span>
     <span class='ocr_line' id='line_1_20' title="bbox 160 2461 1342 2544; baseline 0 -20"><span class='ocrx_word' id='word_1_168' title='bbox 160 2480 224 2525; x_wconf 96' lang='lat' dir='ltr'>non</span> <span class='ocrx_word' id='word_1_169' title='bbox 254 2461 392 2528; x_wconf 89' lang='lat' dir='ltr'>inservit</span> <span class='ocrx_word' id='word_1_170' title='bbox 420 2501 463 2507; x_wconf 94' lang='lat'>—</span> <span class='ocrx_word' id='word_1_171' title='bbox 491 2462 710 2542; x_wconf 86' lang='lat' dir='ltr'>parenthesim</span> <span class='ocrx_word' id='word_1_172' title='bbox 739 2482 809 2526; x_wconf 88' lang='lat' dir='ltr'>earn</span> <span class='ocrx_word' id='word_1_173' title='bbox 836 2463 907 2526; x_wconf 90' lang='lat' dir='ltr'>iure</span> <span class='ocrx_word' id='word_1_174' title='bbox 931 2462 1038 2526; x_wconf 89' lang='lat' dir='ltr'>dicere</span> <span class='ocrx_word' id='word_1_175' title='bbox 1061 2481 1235 2544; x_wconf 89' lang='lat' dir='ltr'>possumus,</span> <span class='ocrx_word' id='word_1_176' title='bbox 1259 2481 1342 2541; x_wconf 86' lang='lat' dir='ltr'>quae</span> 
     </span>
     <span class='ocr_line' id='line_1_21' title="bbox 161 2568 1341 2637; baseline 0 -5"><span class='ocrx_word' id='word_1_177' title='bbox 161 2570 202 2632; x_wconf 91' lang='lat' dir='ltr'>ad</span> <span class='ocrx_word' id='word_1_178' title='bbox 226 2569 462 2633; x_wconf 89' lang='lat' dir='ltr'>immutandum</span> <span class='ocrx_word' id='word_1_179' title='bbox 483 2569 627 2633; x_wconf 86' lang='lat' dir='ltr'>ordinem</span> <span class='ocrx_word' id='word_1_180' title='bbox 642 2572 733 2634; x_wconf 91' lang='lat' dir='ltr'>modo</span> <span class='ocrx_word' id='word_1_181' title='bbox 753 2590 772 2633; x_wconf 91' lang='lat' dir='ltr'>a</span> <span class='ocrx_word' id='word_1_182' title='bbox 792 2569 883 2633; x_wconf 89' lang='lat' dir='ltr'>nobis</span> <span class='ocrx_word' id='word_1_183' title='bbox 899 2575 1113 2637; x_wconf 89' lang='lat' dir='ltr'>monstratum</span> <span class='ocrx_word' id='word_1_184' title='bbox 1125 2568 1205 2632; x_wconf 88' lang='lat' dir='ltr'>nihil</span> <span class='ocrx_word' id='word_1_185' title='bbox 1222 2570 1341 2634; x_wconf 87' lang='lat' dir='ltr'>valeat.</span> 
     </span>
     <span class='ocr_line' id='line_1_22' title="bbox 160 2675 1342 2757; baseline 0.003 -20"><span class='ocrx_word' id='word_1_186' title='bbox 160 2675 275 2756; x_wconf 88' lang='lat' dir='ltr'>Neque</span> <span class='ocrx_word' id='word_1_187' title='bbox 309 2695 386 2742; x_wconf 90' lang='lat' dir='ltr'>vero</span> <span class='ocrx_word' id='word_1_188' title='bbox 419 2677 450 2740; x_wconf 90' lang='lat' dir='ltr'>id</span> <span class='ocrx_word' id='word_1_189' title='bbox 485 2676 663 2741; x_wconf 90' lang='lat' dir='ltr'>omittimus</span> <span class='ocrx_word' id='word_1_190' title='bbox 696 2676 811 2748; x_wconf 84' lang='lat' dir='ltr'>dicere,</span> <span class='ocrx_word' id='word_1_191' title='bbox 845 2677 943 2741; x_wconf 83' lang='lat' dir='ltr'>etiarn</span> <span class='ocrx_word' id='word_1_192' title='bbox 977 2695 1048 2741; x_wconf 90' lang='lat' dir='ltr'>eam</span> <span class='ocrx_word' id='word_1_193' title='bbox 1076 2676 1296 2757; x_wconf 87' lang='lat' dir='ltr'>parenthesim</span> <span class='ocrx_word' id='word_1_194' title='bbox 1325 2696 1342 2740; x_wconf 92' lang='lat' dir='ltr'>e</span> 
     </span>
     <span class='ocr_line' id='line_1_23' title="bbox 160 2783 1342 2873; baseline 0.002 -28"><span class='ocrx_word' id='word_1_195' title='bbox 160 2783 303 2873; x_wconf 64' lang='lat' dir='ltr'>duobus⁴</span> <span class='ocrx_word' id='word_1_196' title='bbox 318 2783 470 2847; x_wconf 91' lang='lat' dir='ltr'>membris</span> <span class='ocrx_word' id='word_1_197' title='bbox 503 2783 685 2848; x_wconf 87' lang='lat' dir='ltr'>consistere.</span> <span class='ocrx_word' id='word_1_198' title='bbox 741 2785 810 2848; x_wconf 85' lang='lat' dir='ltr'>Iam</span> <span class='ocrx_word' id='word_1_199' title='bbox 844 2803 920 2848; x_wconf 91' lang='lat' dir='ltr'>vero</span> <span class='ocrx_word' id='word_1_200' title='bbox 953 2783 979 2847; x_wconf 93' lang='lat' dir='ltr'>si</span> <span class='ocrx_word' id='word_1_201' title='bbox 1013 2786 1054 2846; x_wconf 91' lang='lat' dir='ltr'>ad</span> <span class='ocrx_word' id='word_1_202' title='bbox 1087 2783 1203 2864; x_wconf 91' lang='lat' dir='ltr'>prioris</span> <span class='ocrx_word' id='word_1_203' title='bbox 1238 2783 1342 2865; x_wconf 89' lang='lat' dir='ltr'>partis</span> 
     </span>
     <span class='ocr_line' id='line_1_24' title="bbox 161 2889 1342 2976; baseline 0.003 -25"><span class='ocrx_word' id='word_1_204' title='bbox 161 2889 359 2954; x_wconf 87' lang='lat' dir='ltr'>sententiam</span> <span class='ocrx_word' id='word_1_205' title='bbox 380 2890 569 2971; x_wconf 90' lang='lat' dir='ltr'>primariam</span> <span class='ocrx_word' id='word_1_206' title='bbox 589 2890 792 2972; x_wconf 90' lang='lat' dir='ltr'>revertimur,</span> <span class='ocrx_word' id='word_1_207' title='bbox 817 2890 885 2955; x_wconf 87' lang='lat' dir='ltr'>eius</span> <span class='ocrx_word' id='word_1_208' title='bbox 901 2909 1025 2971; x_wconf 88' lang='lat' dir='ltr'>quoque</span> <span class='ocrx_word' id='word_1_209' title='bbox 1042 2896 1112 2954; x_wconf 89' lang='lat' dir='ltr'>octo</span> <span class='ocrx_word' id='word_1_210' title='bbox 1128 2891 1342 2976; x_wconf 87' lang='lat' dir='ltr'>membrorum</span> 
     </span>
     <span class='ocr_line' id='line_1_25' title="bbox 162 2997 1342 3080; baseline 0.002 -21"><span class='ocrx_word' id='word_1_211' title='bbox 162 2997 244 3060; x_wconf 89' lang='lat' dir='ltr'>duas</span> <span class='ocrx_word' id='word_1_212' title='bbox 272 3002 384 3077; x_wconf 89' lang='lat' dir='ltr'>partes</span> <span class='ocrx_word' id='word_1_213' title='bbox 408 2997 626 3080; x_wconf 73' lang='lat' dir='ltr'>discernimus</span> <span class='ocrx_word' id='word_1_214' title='bbox 654 2997 871 3078; x_wconf 89' lang='lat' dir='ltr'>posteriorem.</span> <span class='ocrx_word' id='word_1_215' title='bbox 896 3016 979 3076; x_wconf 88' lang='lat' dir='ltr'>quae</span> <span class='ocrx_word' id='word_1_216' title='bbox 1003 2997 1190 3078; x_wconf 85' lang='lat' dir='ltr'>primariam</span> <span class='ocrx_word' id='word_1_217' title='bbox 1214 3003 1342 3062; x_wconf 88' lang='lat' dir='ltr'>senten·</span> 
     </span>
     <span class='ocr_line' id='line_1_26' title="bbox 164 3095 1342 3186; baseline 0.003 -21"><span class='ocrx_word' id='word_1_218' title='bbox 164 3100 246 3166; x_wconf 91' lang='lat' dir='ltr'>tiam</span> <span class='ocrx_word' id='word_1_219' title='bbox 280 3103 412 3168; x_wconf 84' lang='lat' dir='ltr'>exhibet</span> <span class='ocrx_word' id='word_1_220' title='bbox 446 3109 480 3167; x_wconf 94' lang='grc'>11</span> <span class='ocrx_word' id='word_1_221' title='bbox 508 3110 662 3184; x_wconf 87' lang='lat' dir='ltr'>quattuor</span> <span class='ocrx_word' id='word_1_222' title='bbox 685 3104 837 3169; x_wconf 91' lang='lat' dir='ltr'>membris</span> <span class='ocrx_word' id='word_1_223' title='bbox 862 3104 1054 3186; x_wconf 83' lang='lat' dir='ltr'>continetur,</span> <span class='ocrx_word' id='word_1_224' title='bbox 1082 3105 1231 3186; x_wconf 87' lang='lat' dir='ltr'>priorem,</span> <span class='ocrx_word' id='word_1_225' title='bbox 1259 3095 1342 3184; x_wconf 87' lang='lat' dir='ltr'>quae</span> 
     </span>
     <span class='ocr_line' id='line_1_27' title="bbox 163 3210 1341 3292; baseline 0.001 -19"><span class='ocrx_word' id='word_1_226' title='bbox 163 3210 361 3275; x_wconf 86' lang='lat' dir='ltr'>sententiam</span> <span class='ocrx_word' id='word_1_227' title='bbox 384 3211 594 3292; x_wconf 88' lang='lat' dir='ltr'>posteriorem</span> <span class='ocrx_word' id='word_1_228' title='bbox 618 3219 796 3292; x_wconf 87' lang='lat' dir='ltr'>praeparat</span> <span class='ocrx_word' id='word_1_229' title='bbox 820 3218 852 3275; x_wconf 91' lang='lat' dir='ltr'>et</span> <span class='ocrx_word' id='word_1_230' title='bbox 876 3231 916 3275; x_wconf 87' lang='lat' dir='ltr'>ex</span> <span class='ocrx_word' id='word_1_231' title='bbox 940 3217 1094 3291; x_wconf 88' lang='lat' dir='ltr'>quattuor</span> <span class='ocrx_word' id='word_1_232' title='bbox 1118 3211 1194 3275; x_wconf 90' lang='lat' dir='ltr'>colis</span> <span class='ocrx_word' id='word_1_233' title='bbox 1219 3230 1341 3291; x_wconf 92' lang='lat' dir='ltr'>compo-</span> 
     </span>
     <span class='ocr_line' id='line_1_28' title="bbox 164 3317 1342 3399; baseline 0 -19"><span class='ocrx_word' id='word_1_234' title='bbox 164 3317 229 3382; x_wconf 89' lang='lat' dir='ltr'>sita</span> <span class='ocrx_word' id='word_1_235' title='bbox 255 3325 311 3382; x_wconf 88' lang='lat' dir='ltr'>est.</span> <span class='ocrx_word' id='word_1_236' title='bbox 358 3320 467 3398; x_wconf 78' lang='lat' dir='ltr'>Atque</span> <span class='ocrx_word' id='word_1_237' title='bbox 491 3319 609 3383; x_wconf 89' lang='lat' dir='ltr'>iterum</span> <span class='ocrx_word' id='word_1_238' title='bbox 633 3323 787 3398; x_wconf 87' lang='lat' dir='ltr'>quattuor</span> <span class='ocrx_word' id='word_1_239' title='bbox 806 3318 899 3383; x_wconf 89' lang='lat' dir='ltr'>huius</span> <span class='ocrx_word' id='word_1_240' title='bbox 915 3317 1144 3399; x_wconf 89' lang='lat' dir='ltr'>praeparantis</span> <span class='ocrx_word' id='word_1_241' title='bbox 1160 3317 1342 3381; x_wconf 88' lang='lat' dir='ltr'>sententiae</span> 
     </span>
     <span class='ocr_line' id='line_1_29' title="bbox 164 3424 1342 3507; baseline 0 -19"><span class='ocrx_word' id='word_1_242' title='bbox 164 3426 310 3488; x_wconf 88' lang='lat' dir='ltr'>membra</span> <span class='ocrx_word' id='word_1_243' title='bbox 344 3424 463 3505; x_wconf 88' lang='lat' dir='ltr'>optime</span> <span class='ocrx_word' id='word_1_244' title='bbox 497 3425 532 3489; x_wconf 95' lang='lat' dir='ltr'>in</span> <span class='ocrx_word' id='word_1_245' title='bbox 565 3428 644 3490; x_wconf 90' lang='lat' dir='ltr'>duas</span> <span class='ocrx_word' id='word_1_246' title='bbox 672 3430 784 3506; x_wconf 88' lang='lat' dir='ltr'>partes</span> <span class='ocrx_word' id='word_1_247' title='bbox 812 3425 1011 3507; x_wconf 90' lang='lat' dir='ltr'>dividuntur,</span> <span class='ocrx_word' id='word_1_248' title='bbox 1039 3445 1175 3504; x_wconf 87' lang='lat' dir='ltr'>quarum</span> <span class='ocrx_word' id='word_1_249' title='bbox 1204 3429 1342 3504; x_wconf 87' lang='lat' dir='ltr'>utraque</span> 
     </span>
     <span class='ocr_line' id='line_1_30' title="bbox 130 3531 1341 3612; baseline 0.001 -18"><span class='ocrx_word' id='word_1_250' title='bbox 130 3609 134 3612; x_wconf 55' lang='lat'>.</span> <span class='ocrx_word' id='word_1_251' title='bbox 164 3531 243 3596; x_wconf 89' lang='lat' dir='ltr'>bina</span> <span class='ocrx_word' id='word_1_252' title='bbox 272 3533 341 3596; x_wconf 87' lang='lat' dir='ltr'>cola</span> <span class='ocrx_word' id='word_1_253' title='bbox 370 3532 522 3596; x_wconf 89' lang='lat' dir='ltr'>continet.</span> <span class='ocrx_word' id='word_1_254' title='bbox 574 3533 602 3596; x_wconf 83' lang='lat' dir='ltr'>E</span> <span class='ocrx_word' id='word_1_255' title='bbox 631 3534 753 3597; x_wconf 90' lang='lat' dir='ltr'>duobus</span> <span class='ocrx_word' id='word_1_256' title='bbox 785 3532 868 3596; x_wconf 89' lang='lat' dir='ltr'>enim</span> <span class='ocrx_word' id='word_1_257' title='bbox 897 3532 1057 3612; x_wconf 91' lang='lat' dir='ltr'>prioribus</span> <span class='ocrx_word' id='word_1_258' title='bbox 1084 3531 1235 3595; x_wconf 91' lang='lat' dir='ltr'>membris</span> <span class='ocrx_word' id='word_1_259' title='bbox 1260 3550 1341 3595; x_wconf 92' lang='lat' dir='ltr'>com-</span> 
     </span>
     <span class='ocr_line' id='line_1_31' title="bbox 165 3638 1343 3719; baseline -0.001 -17"><span class='ocrx_word' id='word_1_260' title='bbox 165 3638 307 3718; x_wconf 87' lang='lat' dir='ltr'>perimus</span> <span class='ocrx_word' id='word_1_261' title='bbox 331 3638 451 3702; x_wconf 75' lang='lat' dir='ltr'>ancili</span> <span class='ocrx_word' id='word_1_262' title='bbox 473 3638 592 3702; x_wconf 88' lang='lat' dir='ltr'>librum</span> <span class='ocrx_word' id='word_1_263' title='bbox 617 3644 746 3702; x_wconf 83' lang='lat' dir='ltr'>exstare</span> <span class='ocrx_word' id='word_1_264' title='bbox 771 3638 826 3718; x_wconf 91' lang='lat' dir='ltr'>qui</span> <span class='ocrx_word' id='word_1_265' title='bbox 850 3641 889 3701; x_wconf 91' lang='lat' dir='ltr'>de</span> <span class='ocrx_word' id='word_1_266' title='bbox 905 3638 1105 3703; x_wconf 89' lang='lat' dir='ltr'>sublimitate</span> <span class='ocrx_word' id='word_1_267' title='bbox 1122 3645 1209 3719; x_wconf 82' lang='lat' dir='ltr'>agat.</span> <span class='ocrx_word' id='word_1_268' title='bbox 1247 3638 1343 3701; x_wconf 91' lang='lat' dir='ltr'>Hunc</span> 
     </span>
     <span class='ocr_line' id='line_1_32' title="bbox 166 3743 1341 3826; baseline 0.001 -19"><span class='ocrx_word' id='word_1_269' title='bbox 166 3743 284 3810; x_wconf 88' lang='lat' dir='ltr'>librum</span> <span class='ocrx_word' id='word_1_270' title='bbox 312 3745 502 3826; x_wconf 89' lang='lat' dir='ltr'>scriptorem</span> <span class='ocrx_word' id='word_1_271' title='bbox 530 3765 595 3810; x_wconf 89' lang='lat' dir='ltr'>una</span> <span class='ocrx_word' id='word_1_272' title='bbox 624 3765 694 3809; x_wconf 94' lang='lat' dir='ltr'>cum</span> <span class='ocrx_word' id='word_1_273' title='bbox 714 3744 878 3811; x_wconf 91' lang='lat' dir='ltr'>Postumio</span> <span class='ocrx_word' id='word_1_274' title='bbox 902 3745 1098 3809; x_wconf 79' lang='lat' dir='ltr'>Terentiano</span> <span class='ocrx_word' id='word_1_275' title='bbox 1123 3745 1224 3808; x_wconf 90' lang='lat' dir='ltr'>amico</span> <span class='ocrx_word' id='word_1_276' title='bbox 1249 3764 1341 3823; x_wconf 88' lang='lat' dir='ltr'>quern</span> 
     </span>
     <span class='ocr_line' id='line_1_33' title="bbox 167 3851 1342 3932; baseline -0.001 -17"><span class='ocrx_word' id='word_1_277' title='bbox 167 3852 352 3931; x_wconf 85' lang='lat' dir='ltr'>adloquitur</span> <span class='ocrx_word' id='word_1_278' title='bbox 387 3851 623 3918; x_wconf 84' lang='lat' dir='ltr'>examinavissc</span> <span class='ocrx_word' id='word_1_279' title='bbox 661 3872 701 3915; x_wconf 83' lang='lat' dir='ltr'>ex</span> <span class='ocrx_word' id='word_1_280' title='bbox 740 3851 853 3916; x_wconf 89' lang='lat' dir='ltr'>alteris</span> <span class='ocrx_word' id='word_1_281' title='bbox 891 3851 975 3916; x_wconf 90' lang='lat' dir='ltr'>binis</span> <span class='ocrx_word' id='word_1_282' title='bbox 1008 3851 1084 3915; x_wconf 89' lang='lat' dir='ltr'>colis</span> <span class='ocrx_word' id='word_1_283' title='bbox 1116 3851 1342 3932; x_wconf 87' lang='lat' dir='ltr'>cognoscimus.</span> 
     </span>
     <span class='ocr_line' id='line_1_34' title="bbox 168 3957 1343 4038; baseline 0 -18"><span class='ocrx_word' id='word_1_284' title='bbox 168 3957 249 4022; x_wconf 82' lang='lat' dir='ltr'>Tum</span> <span class='ocrx_word' id='word_1_285' title='bbox 273 3965 386 4023; x_wconf 87' lang='lat' dir='ltr'>auctor</span> <span class='ocrx_word' id='word_1_286' title='bbox 410 3958 522 4038; x_wconf 85' lang='lat' dir='ltr'>quinto</span> <span class='ocrx_word' id='word_1_287' title='bbox 547 3963 579 4022; x_wconf 93' lang='lat' dir='ltr'>et</span> <span class='ocrx_word' id='word_1_288' title='bbox 603 3964 694 4022; x_wconf 84' lang='lat' dir='ltr'>sexto</span> <span class='ocrx_word' id='word_1_289' title='bbox 711 3960 852 4022; x_wconf 92' lang='lat' dir='ltr'>membro</span> <span class='ocrx_word' id='word_1_290' title='bbox 876 3957 956 4022; x_wconf 92' lang='lat' dir='ltr'>dicit</span> <span class='ocrx_word' id='word_1_291' title='bbox 980 3957 1042 4022; x_wconf 88' lang='lat' dir='ltr'>sihi</span> <span class='ocrx_word' id='word_1_292' title='bbox 1061 3977 1133 4022; x_wconf 92' lang='lat' dir='ltr'>eum</span> <span class='ocrx_word' id='word_1_293' title='bbox 1148 3957 1268 4022; x_wconf 90' lang='lat' dir='ltr'>librum</span> <span class='ocrx_word' id='word_1_294' title='bbox 1283 3977 1343 4021; x_wconf 92' lang='lat' dir='ltr'>nec</span> 
     </span>
     <span class='ocr_line' id='line_1_35' title="bbox 167 4063 1341 4146; baseline -0.002 -18"><span class='ocrx_word' id='word_1_295' title='bbox 167 4065 351 4146; x_wconf 88' lang='lat' dir='ltr'>propositae</span> <span class='ocrx_word' id='word_1_296' title='bbox 367 4065 415 4129; x_wconf 91' lang='lat' dir='ltr'>rei</span> <span class='ocrx_word' id='word_1_297' title='bbox 434 4065 624 4130; x_wconf 80' lang='lat' dir='ltr'>satisfacere</span> <span class='ocrx_word' id='word_1_298' title='bbox 641 4084 745 4144; x_wconf 84' lang='lat' dir='ltr'>neque</span> <span class='ocrx_word' id='word_1_299' title='bbox 761 4070 941 4145; x_wconf 88' lang='lat' dir='ltr'>opportuna</span> <span class='ocrx_word' id='word_1_300' title='bbox 961 4064 1125 4145; x_wconf 80' lang='lat' dir='ltr'>attingere</span> <span class='ocrx_word' id='word_1_301' title='bbox 1142 4063 1245 4129; x_wconf 92' lang='lat' dir='ltr'>visum</span> <span class='ocrx_word' id='word_1_302' title='bbox 1265 4082 1341 4127; x_wconf 89' lang='lat' dir='ltr'>esse.</span> 
     </span>
     <span class='ocr_line' id='line_1_36' title="bbox 168 4169 1342 4254; baseline 0 -20"><span class='ocrx_word' id='word_1_303' title='bbox 168 4169 292 4237; x_wconf 90' lang='lat' dir='ltr'>Deinde</span> <span class='ocrx_word' id='word_1_304' title='bbox 325 4172 460 4254; x_wconf 90' lang='lat' dir='ltr'>septimo</span> <span class='ocrx_word' id='word_1_305' title='bbox 494 4178 526 4236; x_wconf 88' lang='lat' dir='ltr'>et</span> <span class='ocrx_word' id='word_1_306' title='bbox 559 4178 674 4237; x_wconf 90' lang='lat' dir='ltr'>octavo</span> <span class='ocrx_word' id='word_1_307' title='bbox 702 4172 844 4235; x_wconf 90' lang='lat' dir='ltr'>membro</span> <span class='ocrx_word' id='word_1_308' title='bbox 872 4170 964 4234; x_wconf 85' lang='lat' dir='ltr'>addit</span> <span class='ocrx_word' id='word_1_309' title='bbox 987 4170 1107 4250; x_wconf 76' lang='lat' dir='ltr'>Caecili</span> <span class='ocrx_word' id='word_1_310' title='bbox 1134 4169 1252 4235; x_wconf 88' lang='lat' dir='ltr'>librum</span> <span class='ocrx_word' id='word_1_311' title='bbox 1280 4189 1342 4233; x_wconf 92' lang='lat' dir='ltr'>non</span> 
     </span>
     <span class='ocr_line' id='line_1_37' title="bbox 168 4277 1342 4361; baseline -0.003 -20"><span class='ocrx_word' id='word_1_312' title='bbox 168 4295 318 4360; x_wconf 79' lang='lat' dir='ltr'>magnam</span> <span class='ocrx_word' id='word_1_313' title='bbox 342 4279 528 4361; x_wconf 87' lang='lat' dir='ltr'>utilitatem,</span> <span class='ocrx_word' id='word_1_314' title='bbox 557 4297 640 4359; x_wconf 89' lang='lat' dir='ltr'>quae</span> <span class='ocrx_word' id='word_1_315' title='bbox 668 4277 819 4359; x_wconf 89' lang='lat' dir='ltr'>scriptori</span> <span class='ocrx_word' id='word_1_316' title='bbox 842 4277 981 4341; x_wconf 84' lang='lat' dir='ltr'>maxime</span> <span class='ocrx_word' id='word_1_317' title='bbox 1004 4279 1146 4358; x_wconf 89' lang='lat' dir='ltr'>petenda</span> <span class='ocrx_word' id='word_1_318' title='bbox 1169 4277 1220 4357; x_wconf 87' lang='lat' dir='ltr'>sit,</span> <span class='ocrx_word' id='word_1_319' title='bbox 1244 4278 1342 4340; x_wconf 91' lang='lat' dir='ltr'>lecto-</span> 
     </span>
     <span class='ocr_line' id='line_1_38' title="bbox 169 4381 1343 4468; baseline -0.003 -21"><span class='ocrx_word' id='word_1_320' title='bbox 169 4383 257 4450; x_wconf 91' lang='lat' dir='ltr'>ribus</span> <span class='ocrx_word' id='word_1_321' title='bbox 284 4387 451 4468; x_wconf 90' lang='lat' dir='ltr'>praebere.</span> <span class='ocrx_word' id='word_1_322' title='bbox 502 4387 564 4450; x_wconf 79' lang='lat' dir='ltr'>[lla</span> <span class='ocrx_word' id='word_1_323' title='bbox 593 4391 701 4451; x_wconf 87' lang='lat' dir='ltr'>autem</span> <span class='ocrx_word' id='word_1_324' title='bbox 728 4383 885 4466; x_wconf 89' lang='lat' dir='ltr'>primaria</span> <span class='ocrx_word' id='word_1_325' title='bbox 908 4383 1071 4448; x_wconf 89' lang='lat' dir='ltr'>sententia</span> <span class='ocrx_word' id='word_1_326' title='bbox 1099 4383 1215 4464; x_wconf 87' lang='lat' dir='ltr'>prioris</span> <span class='ocrx_word' id='word_1_327' title='bbox 1239 4381 1343 4464; x_wconf 87' lang='lat' dir='ltr'>partis</span> 
     </span>
    </p>
   </div>
   <div class='ocr_carea' id='block_1_3' title="bbox 0 0 1650 5002">
    <p class='ocr_par' dir='ltr' id='par_1_3' title="bbox 0 0 1650 5002">
     <span class='ocr_line' id='line_1_39' title="bbox 0 0 1650 5002; baseline 0 0"><span class='ocrx_word' id='word_1_328' title='bbox 0 0 1650 5002; x_wconf 95' lang='lat' dir='ltr'> </span> 
     </span>
    </p>
   </div>
  </div>
 </body>
</html>
