3268 5002
655 344 874 406 „43-

175 538 263 619 bula
295 557 431 618 quorum
459 556 611 621 magnum
640 558 808 604 numerum
836 558 901 605 non
930 539 1033 604 solum
1064 542 1154 604 totus
1182 529 1265 604 liber
1292 539 1350 605 sed

174 644 276 710 etiam
288 646 522 712 vocabulorum
535 645 712 711 electorum
724 645 823 713 index
839 646 996 724 continet,
1014 646 1112 712 etiam
1128 646 1160 712 in
1178 665 1218 711 ea
1233 646 1350 712 iudicis

174 759 274 834 parte
293 754 334 818 de
353 773 418 833 qua
437 752 565 836 agimus
584 771 765 834 occurrere,
786 754 877 820 velut
895 754 945 830 12,
963 755 984 818 4
1003 757 1348 842 διακληρονομούμενον,

172 859 264 939 30,1
295 861 632 948 προσεπιθεασὼμεθα,
662 861 752 942 29,4
780 862 1062 949 προσπεριιυρίσατο
1090 860 1234 944 legimus
1282 861 1350 926 Nec

172 968 296 1033 desunt
320 967 482 1033 vocabula
505 967 678 1048 bicorpora
692 974 784 1034 —ut
807 986 845 1033 eo
868 968 969 1033 verbo
993 967 1043 1032 uti
1065 967 1219 1032 liceat-
1232 967 1350 1048 quibus

172 1073 302 1139 Birtius
326 1073 356 1156 (l.
376 1074 394 1138 l.
415 1094 444 1154 p.
466 1075 543 1160 196)
568 1075 710 1140 orationi
733 1074 966 1140 sublimitatem
985 1068 1180 1140 circumdari
1199 1074 1287 1155 dicit,
1313 1081 1349 1140 ut

173 1182 265 1261 41,1
292 1183 487 1268 μικροποιὲιυ,
513 1183 601 1263 28,1
627 1186 825 1270 ὑψηλοποιος,
850 1183 941 1263 9,14
965 1183 1157 1269 συομορφὲω,
1183 1181 1255 1247 alia.

266 1289 304 1352 ln
330 1289 560 1369 componendis
585 1295 694 1354 autem
718 1289 887 1355 vocabulis
912 1289 994 1353 diras
1014 1287 1161 1366 rationes
1181 1295 1349 1355 auctorem

174 1402 330 1477 putamus
347 1401 494 1460 secutum
510 1414 590 1460 csse.
615 1395 697 1460 Nam
713 1395 747 1460 in
762 1395 836 1461 aliis
849 1394 1030 1460 formandis
1047 1394 1110 1460 nisi
1124 1394 1222 1460 fallor
1238 1395 1350 1462 simili-

174 1500 322 1568 tudinem
341 1502 574 1568 vocabulorum
593 1501 783 1583 vicinorum,
803 1503 824 1568 i.
843 1522 869 1567 e.
889 1501 1111 1583 parhomoisin
1135 1502 1204 1569 sive
1227 1503 1349 1569 homoi-

174 1614 292 1674 arcton
317 1609 474 1690 captavit,
501 1609 566 1674 alia
590 1629 628 1674 eo
652 1609 788 1675 consilio
811 1609 907 1674 finxit
931 1616 968 1674 ut
992 1615 1101 1674 certas
1126 1610 1278 1676 notiones
1302 1609 1349 1675 di-

175 1715 330 1781 stinctius
355 1735 451 1797 quam
475 1715 608 1782 usitatis
632 1716 802 1783 vocabulis
826 1716 1030 1797 exprimeret.

264 1825 382 1904 Itaque
399 1824 483 1902 34,4
499 1825 697 1910 καιαφὲγνει,
715 1824 807 1889 cilius
825 1823 961 1904 simplex
977 1842 1105 1904 quoque
1122 1823 1228 1888 forma
1245 1827 1350 1912 φέγγει

178 1951 253 1997 rara
277 1935 338 2009 est,
364 1937 500 2013 propter
523 1933 718 2018 καταβροντᾷ
737 1929 824 2012 quod
843 1929 1010 1995 antecedit
1030 1929 1206 1996 formatum
1226 1937 1287 2012 est,
1314 1939 1348 1996 ut

181 2037 261 2102 idem
276 2045 365 2103 esset
386 2037 558 2118 utriusque
573 2037 724 2104 vocabuli
741 2037 878 2103 initium.
913 2037 1038 2104 Eadem
1060 2036 1131 2102 fere
1154 2037 1240 2102 ratio
1256 2039 1308 2116 34,
1330 2040 1350 2102 4

185 2143 267 2208 inter
288 2147 460 2226 ἀντανσῖξιιι
489 2152 523 2210 et
546 2149 807 2232 ἀντοφθαλμῆσαι
830 2144 1016 2226 intercedit,
1051 2163 1116 2224 qua
1140 2143 1351 2211 similitudine

185 2251 314 2317 duarum
356 2251 390 2317 in
433 2252 550 2332 quibus
593 2259 727 2318 exstant
770 2251 1010 2317 sententiarum
1052 2250 1229 2317 similitudo
1268 2253 1350 2317 bene

181 2357 367 2425 adiuvatur:
400 2363 452 2425 καὶ
481 2363 597 2425 θᾶττον
620 2365 658 2426 ἄν
681 2383 725 2437 τις
748 2369 907 2447 κεραυνοῖς
923 2361 1100 2446 φερομένοις
1116 2361 1288 2440 ἀντανοῖξαι
1312 2365 1351 2425 τὰ

179 2471 298 2553 ὄμματα
329 2470 450 2533 δύναιτο
478 2470 498 2552 ἢ
529 2469 789 2554 ἀντορθαλμῆσοιι
826 2476 888 2542 τοῖς
925 2468 1110 2551 ἐπαλλήλοις
1145 2467 1263 2553 ἐκείνου
1294 2467 1350 2550 (sc.

177 2574 409 2660 Δημοσθένους)
444 2576 587 2640 πάθεσιν.
653 2573 749 2651 15,8
782 2575 934 2659 coenasse
970 2571 1040 2637 sine
1079 2571 1176 2636 dubio
1215 2578 1351 2652 propter

176 2684 352 2767 ἔμπρακτον
376 2681 462 2760 ι]ιιυι1
486 2678 653 2745 antecedit
678 2677 854 2744 formatum
878 2685 929 2744 est
953 2684 987 2743 et
1010 2679 1100 2757 34‚2
1128 2675 1351 2766 εὐπαλαιστρον

178 2786 298 2868 optime
329 2788 371 2852 ad
401 2788 538 2874 εὐγένεια
562 2787 648 2867 quod
673 2786 839 2851 antecedit
863 2792 897 2850 et
920 2788 1070 2872 εὐστόχσυ
1094 2787 1180 2865 quod
1204 2784 1352 2866 sequitur

176 2893 328 2973 quadrat.
374 2894 499 2959 Eadem
529 2891 657 2958 ratione
687 2898 803 2958 auctor
834 2892 980 2958 fortasse
1010 2897 1190 2958 commotus
1220 2898 1281 2972 est,
1313 2899 1350 2958 ut

179 3002 229 3079 13,
255 3002 275 3064 4
300 3003 741 3088 μνομ1υι·διαδορατιζὸμενος
766 3000 926 3065 scriberet
950 3003 1164 3088 διηριστεὺετο,
1196 3007 1230 3064 et
1255 3000 1306 3080 17,
1331 3001 1351 3064 3

177 3111 434 3195 προεμιρανίζεται
451 3107 610 3173 vocabulo
631 3105 778 3190 singulas
795 3113 908 3188 partes
924 3107 1157 3172 vocabulorum
1172 3119 1352 3194 προϋπαντᾷ

178 3221 212 3279 et
235 3217 372 3302 φαίνεται
396 3214 528 3282 videtur
551 3213 754 3295 repetivisse.

231 3369 233 3372 -
266 3323 305 3387 In
329 3321 379 3386 his
396 3325 554 3402 quattuor
573 3321 741 3387 vocabulis
758 3341 842 3402 quae
861 3327 1044 3400 sequuntur
1060 3319 1240 3385 formandis
1258 3319 1351 3385 dubi-

178 3435 252 3495 tare
268 3437 439 3513 possumus
456 3434 563 3494 utrum
582 3434 697 3493 auctor
709 3427 894 3494 huiusmodi
909 3426 1131 3492 similitudinis
1148 3446 1190 3492 an
1208 3425 1351 3492 notionis

179 3536 340 3602 rationem
369 3540 502 3601 secutus
532 3535 584 3600 sit.
646 3536 729 3602 Sunt
760 3537 810 3614 11,
836 3537 856 3599 2
885 3539 1166 3622 ἀντισυμμαχεῖται,
1196 3534 1282 3613 quod
1311 3534 1352 3598 ad

179 3655 336 3730 συμμαχεῖ
363 3643 574 3708 referendum
603 3650 663 3722 est,
695 3643 747 3722 41,
775 3644 798 3705 1
824 3645 1023 3729 κατάρυθμα,
1048 3646 1124 3722 post
1148 3641 1234 3720 quod
1258 3642 1310 3720 41,
1332 3641 1350 3703 2

179 3752 469 3838 κατερρυθμισμὲνα
482 3756 601 3832 exstat,
616 3749 697 3830 aad
713 3751 844 3836 ἀναχοοιί
860 3751 945 3829 quod
963 3750 1004 3814 ad
1016 3749 1199 3835 προχέουσιν
1214 3753 1352 3827 spectat.

268 3857 524 3922 Homoioteleuti
552 3858 638 3938 quod
667 3855 867 3922 contrarium
892 3862 925 3920 et
948 3855 982 3920 in
1006 3853 1101 3920 simili
1120 3853 1352 3919 vocabulorum

181 3965 270 4030 exitu
295 3964 437 4045 positum
461 3971 512 4029 est
532 3963 712 4045 exemplum
733 3981 773 4027 ex
793 3963 899 4027 altera
918 3961 1035 4027 indicis
1055 3969 1151 4043 parte
1170 3959 1351 4026 adferatur.

180 4075 210 4153 e,
237 4073 254 4135 1
284 4071 422 4154 legitur:
454 4075 507 4138 καὶ
526 4075 552 4137 εἰ
572 4075 709 4158 δωρητὸν
728 4076 763 4137 τὸ
782 4083 909 4157 πρᾶγμα
932 4073 1050 4158 μᾶλλον
1069 4073 1088 4156 ἢ
1109 4072 1230 4156 κτητόν.
1276 4069 1352 4134 Jam

180 4179 387 4260 perspicuum
411 4186 462 4244 est
486 4198 544 4243 our
567 4179 710 4258 scriptor
733 4182 871 4264 δωρητὸν
895 4176 957 4242 sibi
982 4175 1191 4242 concesserit.

270 4287 383 4366 Neque
410 4306 489 4352 vero
520 4287 618 4351 debet
647 4284 791 4350 dubitari
819 4283 897 4364 quin
925 4283 1010 4349 idem
1038 4282 1163 4363 reliqua
1191 4282 1352 4349 vocabula

181 4400 293 4459 certae
326 4392 469 4460 notionis
501 4392 616 4458 melius
650 4391 879 4474 exprimendae
912 4411 1014 4457 causa
1046 4389 1247 4457 l'onnaverit.
1312 4390 1352 4454 In
