3268 5002
789 288 1008 353 „24-

312 488 376 553 fine
396 493 465 552 tres
480 488 569 551 locos
586 483 766 550 adferimus
787 485 843 565 qni
866 505 929 550 101
951 487 1034 550 bene
1050 485 1084 549 in
1101 485 1141 550 iis
1164 506 1245 566 quos
1269 487 1493 554 tractavimus

312 594 479 660 numerari
507 598 663 675 possunt:
701 593 730 672 9,
765 592 806 657 15
835 592 1079 658 substantivum
1107 592 1195 658 inter
1225 593 1429 661 attributum
1460 603 1493 662 et

312 702 459 768 dativum
488 703 529 766 ab
558 720 595 764 eo
625 700 773 780 pendens
800 698 976 764 intercedit
1009 705 1063 778 τάς
1094 704 1349 789 άνακεκραμένας
1378 706 1493 782 κακίας

311 821 373 889 τοῖς
396 811 534 895 ὑψηλοῖς.
578 806 733 873 Similiter
757 806 869 885 6112
893 805 1016 889 legitur
1039 811 1199 895 μιμεῖσθαι
1223 815 1277 895 τὴν
1302 813 1492 897 δημιουργή-

311 942 411 985 σασαν
435 919 524 1003 φύσιν
547 921 600 982 τὸν
619 918 796 1000 ἄνθρωπον.
836 914 888 992 65,
914 916 951 978 21
976 917 1111 980 verbnm
1131 933 1202 980 cum
1223 915 1295 981 aliis
1314 917 1491 982 vocabulis

311 1043 395 1104 qnae
419 1025 460 1088 ab
484 1042 522 1088 eo
546 1023 691 1103 pendent
714 1021 802 1085 inter
827 1021 1014 1103 genetivum
1039 1022 1093 1101 qui
1119 1024 1160 1087 ab
1181 1023 1345 1090 adiectivo
1366 1025 1491 1104 pendet

311 1136 344 1194 et
368 1131 445 1195 illud
470 1130 577 1210 ipsum
597 1128 794 1194 adiectivnm
813 1127 956 1209 positum
976 1136 1042 1193 cst:
1074 1141 1136 1195 τῶν
1159 1133 1352 1218 πραγμάτων
1378 1133 1490 1217 πρέποι

311 1243 347 1304 ἀν
371 1242 423 1303 καὶ
446 1242 501 1314 τάς
524 1241 628 1322 φωνάς
651 1239 734 1323 ἔχειν
756 1237 850 1315 ἀξίας.

398 1342 545 1408 Alterius
558 1341 756 1409 inversionis
769 1341 909 1423 generis
926 1361 1010 1421 quae
1023 1342 1129 1425 figura
1142 1343 1304 1408 clriasmi
1316 1344 1372 1410 vel
1387 1363 1488 1408 com-

309 1449 542 1514 mutationis
555 1455 616 1530 est,
631 1467 743 1515 verum
757 1448 937 1529 exemplum
950 1469 1049 1514 unum
1062 1450 1149 1530 apud
1163 1455 1331 1515 auctorem
1345 1451 1487 1532 repperi.

312 1560 340 1638 1,
367 1559 385 1620 7
410 1556 503 1636 enim,
533 1555 590 1620 ubi
613 1555 795 1620 necessitas
819 1555 1010 1636 disputandi
1040 1559 1079 1620 de
1103 1575 1141 1621 eo
1165 1557 1259 1622 modo
1284 1577 1350 1636 qno
1377 1559 1488 1638 aliqua

311 1663 422 1729 arsin
446 1662 686 1744 possessionem
711 1669 856 1726 nostram
881 1663 994 1728 venire
1018 1663 1124 1743 possit
1148 1664 1335 1744 exponitur,
1370 1669 1488 1730 auctor

310 1771 417 1835 dicere
437 1769 545 1851 potuit
565 1773 614 1836 ἐπὶ
634 1773 735 1857 πάσης-
752 1771 951 1857 τεχνολογίας
970 1775 1050 1836 δυεῖν
1070 1774 1312 1858 ἀπαιτουμένων,
1334 1775 1487 1858 προτέρου

310 1883 364 1966 μέν
391 1890 445 1944 τοῦ
474 1879 567 1957 δεῖξαι
596 1879 624 1943 τί
650 1883 685 1942 τδ
714 1879 923 1963 ὑποκείμενον,
955 1879 1097 1963 δευτέρου
1127 1881 1160 1943 δὲ
1183 1891 1220 1964 τη
1248 1880 1343 1963 τάξει,
1374 1903 1486 1966 κυριω-

309 1989 397 2072 τέρου
415 1989 448 2051 δέ
463 1998 500 2071 τη
517 1987 652 2070 δυνάμει,
670 1996 735 2062 πῶς
751 1989 788 2050 άν
802 2003 866 2063 eqs.
886 1985 950 2049 Sed
965 1990 1003 2049 111
1020 1985 1125 2049 011110
1137 1985 1304 2066 pulchrior
1314 1986 1485 2066 evaderet,

307 2094 411 2159 verba
435 2090 614 2157 declinavit
638 2096 671 2154 et
697 2093 840 2176 δευτέρου
867 2095 922 2177 μέν
940 2105 977 2177 τῇ
997 2094 1089 2175 τάξει,
1114 2105 1152 2178 τη
1173 2095 1298 2178 δυνάμει
1318 2097 1354 2158 δέ
1374 2118 1486 2180 κυριω-

309 2203 398 2286 τέρου
423 2199 570 2263 scribens
590 2197 725 2262 chiasmi
745 2197 882 2279 figuram
902 2197 1019 2264 effecit.
1059 2199 1199 2264 Videtur
1218 2199 1348 2278 quidem
1369 2204 1486 2265 auctor

309 2307 409 2370 etiam
434 2306 484 2385 15,
510 2306 529 2368 3
553 2311 623 2382 τοὺς
652 2309 705 2391 μέν
734 2303 782 2370 ἐπὶ
811 2317 872 2370 τῶν
895 2305 1038 2373 Ἰλιακῶν
1063 2308 1249 2392 ἀνθρώπους
1266 2346 1309 2352 --
1328 2347 1374 2353 -
1392 2312 1485 2384 θεοὺς

308 2416 518 2500 πεποιηκέναι,
552 2419 622 2490 τοὺς
650 2415 744 2490 θεοὺς
778 2415 811 2478 δέ
839 2413 1025 2498 ἀνθρώπους
1054 2416 1087 2476 et
1116 2413 1168 2493 36,
1202 2415 1243 2476 22
1273 2420 1372 2494 οὕτως
1402 2419 1484 2500 αὐτῷ

308 2525 361 2586 καί
389 2524 408 2607 ἡ
438 2522 521 2599 τάξις
551 2525 684 2586 ἄτακτον
715 2523 767 2584 καὶ
799 2522 929 2606 ἔμπαλιν
956 2523 976 2606 ἡ
1005 2522 1113 2599 ἀταξία
1143 2525 1233 2586 ποιὰν
1264 2524 1484 2609 περιλαμβάνει

307 2631 391 2707 τάξιν
414 2625 549 2691 chiasmi
572 2626 711 2708 liguram
734 2625 897 2704 effecisse3
923 2645 1028 2705 neque
1051 2647 1129 2693 vero
1153 2626 1199 2690 ibi
1223 2626 1320 2690 aliter
1342 2629 1484 2693 scribere

309 2735 427 2815 potuit,
459 2740 493 2797 et
522 2752 594 2797 cum
622 2735 724 2797 verba
758 2732 923 2796 declinata
951 2753 1015 2813 non
1047 2733 1123 2810 sint,
1155 2733 1319 2798 clriasmus
1354 2741 1483 2799 tantum

309 2847 465 2904 externae
482 2838 607 2903 formae
624 2844 684 2903 est.
725 2839 877 2903 Ceterum
896 2838 960 2903 illis
978 2840 1059 2904 locis
1076 2840 1316 2904 traductionem
1335 2848 1484 2906 statuere

309 2967 491 3031 possumus,
528 2967 624 3026 qnam
657 2951 774 3011 auctor
806 2948 848 3010 ad
883 2946 1086 3012 Herennium
1120 2946 1189 3032 (iv,
1226 2949 1276 3029 14,
1314 2949 1371 3034 20)
1406 2947 1483 3013 dicit

309 3057 420 3121 facere
443 3061 490 3131 ut,
520 3073 592 3118 cum
620 3053 704 3117 idem
728 3055 864 3121 verbum
888 3053 1034 3117 crebrius
1058 3060 1210 3133 ponatur,
1241 3054 1483 3120 concinniorem

309 3163 490 3229 orationem
514 3163 640 3226 reddat.
682 3161 734 3225 Ad
757 3161 846 3224 locos
870 3161 964 3225 modo
990 3165 1153 3225 tractatos
1183 3161 1282 3225 etiam
1307 3163 1483 3227 adnectere

308 3289 480 3352 possumus
511 3269 541 3350 9,
563 3269 618 3332 23;
660 3273 747 3334 οὐδὲν
778 3271 908 3355 ὑπάρχει
934 3270 1022 3355 μέγα,
1053 3270 1088 3334 οὔ
1119 3275 1154 3335 τὸ
1184 3282 1390 3356 καταφρονεῖν
1421 3272 1483 3334 ἐστι

308 3382 387 3466 μέγα
411 3383 444 3442 et
468 3377 520 3458 33,
539 3377 595 3442 23:
622 3379 710 3464 τρύσει
731 3402 796 3455 πως
820 3388 978 3464 συμμαχεῖ
998 3401 1031 3442 τε
1054 3389 1097 3463 τῷ
1122 3381 1191 3462 ὕψει
1214 3383 1253 3442 τά
1269 3379 1415 3464 σχήματα
1431 3376 1481 3440 καί

307 3489 398 3552 πάλιν
423 3490 693 3570 ἀντισυμμαχείται
718 3487 908 3570 θαυμαστῶς
932 3482 982 3548 ὑπ’
1006 3488 1110 3548 αὐτοῦ.

395 3593 478 3656 Post
500 3592 686 3671 hyperbata
710 3595 827 3655 auctor
849 3592 888 3654 de
913 3589 1206 3670 permutatione
1231 3609 1374 3669 casuum,
1400 3596 1479 3653 tem-

307 3719 430 3780 porum,
445 3716 669 3779 personarum,
683 3716 899 3777 numerorum,
913 3715 1066 3780 generum
1078 3696 1157 3778 agit,
1171 3697 1288 3776 quibus
1299 3696 1479 3761 orationem

306 3807 402 3872 valde
413 3805 536 3872 variari
549 3810 583 3869 et
592 3804 719 3870 intendi
730 3805 817 3870 dicit.
841 3806 958 3883 Itaque
972 3805 1024 3885 39,
1036 3806 1056 3868 4
1070 3804 1245 3884 plurales
1259 3797 1479 3891 (πληθυντικὰ)

307 3916 520 3994 commendat,
556 3913 676 3993 quippe
709 3913 763 3993 qui
795 3931 1036 3990 nonnumquam
1068 3910 1331 3993 magnificentius
1361 3909 1478 3975 sonent

307 4027 340 4085 11
363 4021 437 4102 ipsa
460 4021 585 4085 numeri
614 4020 781 4104 gravitate
805 4038 957 4101 magnam
981 4018 1046 4085 vim
1069 4019 1224 4083 habeant.
1270 4019 1347 4099 Ipse
1371 4021 1478 4080 autern

306 4128 385 4193 illud
413 4134 626 4209 praeceptum
655 4127 810 4207 seqnitur,
841 4146 913 4191 cum
941 4128 971 4208 9,
1002 4128 1022 4189 9
1051 4125 1171 4207 plurali
1202 4123 1378 4208 singularis
1408 4121 1476 4183 loco

306 4235 427 4301 utitur:
461 4240 537 4302 ὅθεν
561 4238 707 4322 ἐπίφορον
731 4239 772 4313 εἰς
797 4237 1018 4321 συνταγμάτων
1042 4236 1240 4319 κατόρθωσιν
1264 4235 1302 4298 τά
1325 4256 1358 4296 τε
1377 4228 1476 4308 κάλλη

305 4358 358 4432 τῆς
387 4345 546 4431 ἑρμηνείας
574 4347 626 4409 καὶ
654 4348 693 4408 τά
716 4347 779 4429 ὕψη
807 4346 860 4407 καί
888 4347 963 4428 πρὸς
986 4343 1103 4418 τούτοις
1127 4343 1158 4406 αἱ
1181 4342 1297 4428 ἡδοναί,
1326 4340 1378 4404 καὶ
1401 4335 1477 4399 αὐτά
