3268 5002
668 309 890 376 ,33-

278 502 387 569 Aliter
403 508 521 569 auctor
536 505 837 586 praesumptionem
852 505 999 571 instituit
1014 489 1100 586 quae
1112 507 1165 581 58,
1179 506 1221 570 28
1234 505 1364 589 legitur.

189 611 301 690 Neque
334 609 418 676 enim
452 629 544 675 3000
567 609 671 692 ipsius
696 612 904 692 seutentiam,
939 613 997 677 sed
1020 612 1181 692 quaedam
1205 611 1367 677 Herodoti

188 717 291 781 verba
306 715 509 782 refutatione
526 717 709 783 adversarii
733 718 883 785 defendit
903 722 936 783 et
952 717 1068 783 firmat.
1107 719 1158 783 De
1177 718 1366 801 hyperbolis

188 840 291 904 agens
308 820 448 903 optimas
467 841 540 888 esse
560 823 640 890 dicit
655 842 712 889 eas
728 825 882 906 00000111
896 824 1098 907 hyperbolae
1112 823 1365 908 intellegantur;

187 928 221 992 id
241 932 351 993 autem
370 927 450 1005 fieri,
476 928 504 994 si
522 930 723 1012 hyperbolae
742 932 786 996 ab
804 930 939 997 adfectu
958 936 993 996 et
1011 930 1237 1014 magnitudine
1256 951 1365 997 rerum

187 1033 418 1101 adiunctarum
464 1035 726 1116 proficiscantur.
808 1039 890 1104 Tum
935 1036 1030 1104 verbi
1076 1036 1186 1120 gratia
1232 1043 1366 1118 praeter

187 1140 432 1222 Thucydideum
464 1141 571 1207 locum
604 1141 703 1208 etiam
727 1145 951 1210 Herodoteum
983 1143 1027 1228 (7,
1053 1145 1129 1225 225)
1152 1144 1277 1224 laudat,
1310 1145 1365 1209 ubi

186 1245 345 1312 historiae
362 1252 459 1328 pater
474 1249 621 1315 Graecos
638 1250 680 1316 ad
693 1250 930 1333 Thermopylas
947 1250 1065 1334 gladiis
1082 1249 1243 1331 siquibus
1260 1250 1365 1316 adhuc

185 1352 332 1420 fuissent
355 1359 414 1418 aut
430 1344 580 1421 manibus
597 1361 630 1421 et
647 1376 706 1422 ore
722 1364 910 1440 pugnantes
928 1377 948 1423 a
967 1356 1120 1423 barbaris
1136 1357 1211 1422 telis
1229 1359 1364 1424 obrutos

186 1478 260 1526 esse
283 1464 409 1527 narrat.
452 1459 545 1542 Quae
573 1463 752 1546 hyperbole
780 1464 936 1545 scriptori
962 1465 1059 1530 valde
1083 1463 1203 1545 placet,
1234 1483 1306 1529 cum
1325 1483 1365 1530 ex

185 1567 259 1648 ipsa
282 1586 318 1632 re
342 1566 436 1632 nasci
457 1567 619 1635 videatur.
668 1571 732 1636 Sed
755 1589 828 1635 curu
851 1590 917 1636 non
941 1571 1073 1654 ignoret
1097 1570 1180 1636 alios
1204 1571 1302 1636 aliter
1325 1572 1365 1637 de

186 1692 225 1738 00
249 1692 285 1738 10
308 1673 465 1754 101110010,
492 1692 603 1739 00100
634 1676 844 1756 sententiam,
878 1696 942 1758 000
975 1676 1090 1742 melius
1124 1695 1194 1741 eam
1228 1678 1366 1760 adgredi

185 1779 302 1860 003310,
327 1779 361 1846 10
380 1779 485 1847 001110
505 1781 609 1862 00010,
634 1788 669 1847 et
687 1783 749 1848 hoc
769 1783 897 1864 quidem
917 1783 998 1863 loco,
1020 1801 1092 1848 cum
1111 1781 1160 1847 illi
1179 1784 1365 1849 sententiae

186 1890 265 1973 ἐρεῖς
297 1885 492 1954 vocabulum
524 1887 673 1972 inmittit,
708 1889 806 1954 010011
838 1908 1000 1971 personae
1034 1889 1218 1955 adversarii
1250 1897 1364 1971 partes

188 1994 262 2058 dat:
294 1993 355 2060 σῖὸν
384 1996 448 2061 ἐστι
476 1999 511 2060 τὸ
543 1999 596 2061 καὶ
624 1999 755 2082 στόμασι
787 1999 945 2084 μάχεσθαι
976 2003 1051 2083 πρὸς
1076 1998 1287 2083 ὡπλισμένους
1311 2002 1363 2064 καὶ

190 2101 296 2166 ὁποῖόν
307 2123 333 2164 τι
348 2105 382 2166 τὸ
398 2105 646 2189 κατακεχῶσθαι
667 2105 795 2189 βέλεσιν.
821 2102 982 2185 Quartum
998 2104 1097 2169 001010
1116 2102 1232 2184 locum,
1251 2122 1364 2183 quam-

190 2223 285 2285 00010
315 2225 425 2272 00100
459 2209 759 2290 praesumptionem
794 2229 861 2274 non
893 2210 1050 2292 continet,
1087 2215 1198 2275 tamen
1234 2211 1362 2292 addam,

188 2311 264 2392 quia
287 2311 333 2378 ibi
357 2313 498 2380 obiectio
522 2313 588 2380 illis
612 2316 790 2398 dequibus
810 2316 935 2400 egimus
955 2315 1068 2382 similis
1088 2322 1208 2383 exstat.
1239 2317 1364 2382 Eodem

185 2418 271 2484 enim
303 2419 413 2501 capite
446 2421 489 2485 38
512 2420 703 2504 Isocratem,
740 2423 817 2504 0010
850 2423 957 2488 00010
990 2442 1111 2506 augere
1136 2423 1287 2503 voluerit,
1322 2425 1364 2489 ad

186 2525 326 2607 puerilia
359 2526 529 2608 delapsum
564 2547 637 2594 esse
670 2529 750 2594 dicit
783 2548 824 2594 ex
856 2524 991 2609 eiusque
1016 2530 1223 2612 Panegyrico
1255 2531 1364 2595 locum

185 2635 348 2712 quendam
373 2633 485 2699 adfert
509 2633 566 2699 ubi
588 2634 711 2718 legitur
734 2640 864 2701 tautam
888 2635 1096 2716 eloquentiae
1120 2635 1185 2701 010
1209 2655 1291 2718 esse,
1325 2643 1363 2724 ut

185 2735 306 2822 magna
329 2739 485 2820 minuere,
519 2760 625 2822 parva
658 2742 795 2809 dicendo
820 2761 951 2826 augere,
987 2744 1026 2808 de
1059 2742 1177 2824 priscis
1201 2762 1296 2820 0000,
1323 2745 1363 2809 de

183 2846 373 2913 recentibus
397 2846 533 2926 0001000
556 2849 651 2914 modo
675 2848 784 2914 dicere
808 2850 922 2930 possit.
960 2850 1042 2914 Tum
1061 2850 1220 2915 Isocratis
1244 2852 1362 2916 adver-

185 2952 309 3018 sarium
333 2951 438 3036 fingit,
465 2955 525 3018 sub
549 2954 641 3020 cuius
666 2973 808 3035 persona
831 2955 903 3037 ipse
926 2956 1020 3035 latet,
1045 2973 1182 3037 eumque
1206 2947 1296 3043 φήσει
1320 2983 1363 3036 τις

185 3057 328 3125 formula
347 3078 426 3125 usus
443 3060 524 3125 haee
539 3060 682 3126 Isocrati
698 3061 892 3126 obicientem
908 3061 1006 3127 facit:
1032 3067 1154 3146 οὐκοῦν,
1178 3063 1361 3151 ’latapetra

185 3171 283 3244 οὕτως
307 3168 428 3252 μέλλεις
452 3172 505 3232 καὶ
524 3172 562 3233 τὰ
584 3173 653 3254 περὶ
669 3170 922 3255 Λακεδαιμονίων
944 3173 997 3235 καὶ
1016 3168 1192 3256 Ἀθηναίων
1215 3173 1362 3237 ἐναλλάτ-

183 3294 261 3354 τειν;
286 3274 369 3338 'lum
385 3273 611 3340 adversarium
632 3274 747 3340 laudat
766 3276 853 3355 quod
873 3293 912 3340 ea
930 3275 1073 3340 Isocrati
1092 3275 1265 3356 obiecerit;
1290 3278 1362 3342 131-

185 3383 310 3445 010000
333 3379 417 3444 0010
444 3379 509 3446 11110
531 3381 642 3447 verbis
666 3381 834 3446 auditores
858 3381 1028 3446 adhortari
1050 3387 1088 3447 ut
1111 3381 1174 3446 sibi
1197 3380 1360 3450 diffidant.

184 3486 279 3551 Haec
302 3486 403 3551 habui
427 3505 510 3567 quae
535 3489 575 3554 de
599 3487 876 3568 praesumptionis
900 3487 1007 3568 figura
1031 3486 1179 3552 dicerem.

276 3592 423 3658 Tertium
453 3611 557 3677 genus
581 3594 760 3676 figurarum
784 3593 1025 3660 sententiarum
1047 3593 1135 3659 inter
1158 3593 1223 3659 alia
1252 3595 1361 3661 anti-

185 3699 326 3764 thesim
354 3699 408 3765 001
436 3701 697 3781 0000100031000
725 3700 779 3768 001
809 3699 1049 3782 oppositionem
1074 3705 1107 3766 et
1138 3700 1276 3765 ironiam
1310 3702 1363 3767 vel

185 3805 426 3871 simulationem
457 3808 509 3872 vel
539 3806 723 3872 illusionem
754 3807 911 3873 00001000.
958 3807 1022 3874 Sed
1050 3812 1227 3888 antequam
1258 3808 1297 3874 de
1321 3808 1361 3874 iis

185 3913 314 3977 duabus
343 3911 457 3996 figuris
485 3912 666 3994 10000001,
699 3914 890 3978 eonfitemur
921 3933 981 3979 nos
1005 3913 1203 3979 00000010
1227 3922 1361 3980 000010-

185 4017 297 4099 posita
316 4018 488 4102 collegisse
505 4057 547 4065 —
566 4019 600 4083 id
620 4021 705 4099 quod
724 4021 860 4103 longum
882 4026 954 4084 erat
974 4058 1026 4101 -‚
1052 4039 1247 4100 quamquam
1267 4021 1361 4086 nobis

184 4125 334 4192 videmur
364 4125 447 4190 satis
471 4145 583 4191 eorum
607 4128 648 4191 ad
673 4145 766 4192 usum
791 4126 1054 4208 perspiciendum
1078 4125 1266 4192 contulisse.
1312 4128 1362 4191 Ac

186 4231 324 4311 primurn
348 4231 477 4311 quidem
501 4233 541 4297 de
564 4252 668 4314 001οο
693 4252 827 4299 000010
852 4251 964 4298 00100
987 4231 1202 4298 antithesium
1226 4251 1361 4316 agamus

184 4337 304 4418 quihus
321 4337 451 4421 singula
463 4340 626 4404 vocabula
642 4339 730 4404 inter
746 4359 781 4405 30
798 4344 1020 4421 opponuntur.
1044 4339 1084 4403 In
1100 4337 1141 4402 iis
1159 4338 1361 4420 opponendis

1166 4463 1184 4517 3
