3268 5002
317 1100 360 1178 In
385 1131 519 1178 numero
549 1111 706 1176 librorum
733 1111 792 1191 qui
815 1113 856 1176 ab
876 1111 1021 1192 antiquis
1046 1111 1116 1177 sine
1142 1111 1326 1178 nominibus
1346 1131 1405 1178 au·

233 1226 360 1286 otorum
384 1218 478 1284 nobis
507 1218 622 1284 traditi
651 1222 737 1298 sunt,
758 1217 826 1283 ‘ille
857 1219 981 1283 summa
1010 1219 1108 1284 laude
1132 1222 1183 1283 est
1207 1218 1326 1301 dignus
1350 1219 1406 1300 qul

231 1331 347 1392 contra
364 1324 538 1391 Caecilium
554 1325 719 1389 rhetorem
735 1325 775 1388 10
795 1323 997 1389 sublimitate
1017 1323 1161 1406 scriptus
1181 1330 1240 1390 est.
1275 1325 1315 1390 In
1334 1324 1405 1390 eius

197 1512 201 1518 „
230 1432 330 1498 libelli
359 1437 495 1498 auctore
526 1431 656 1496 nescias
688 1430 763 1510 quid
788 1430 893 1513 magis
918 1430 1088 1510 admirere,
1121 1449 1257 1496 acumen
1280 1430 1405 1513 ingenii

230 1539 316 1620 quod
348 1539 382 1603 10
410 1537 614 1619 explicandis
645 1536 788 1617 quinque
817 1536 1027 1603 sublimitatis
1056 1536 1165 1603 causis
1189 1542 1338 1634 praestet
1362 1557 1405 1603 au

229 1646 448 1726 exemplorum
472 1659 566 1729 quae·
580 1645 622 1708 ad
647 1643 829 1708 sententias
849 1643 1026 1709 firmandas
1043 1649 1084 1709 et
1107 1643 1321 1709 illustrandas
1346 1645 1405 1709 ad-

228 1753 318 1818 ierat
333 1751 494 1816 delectum
511 1749 755 1830 sollertiamque
771 1748 938 1815 iudicandi
958 1769 1053 1830 quarn
1073 1750 1107 1814 in
1126 1749 1190 1816 11110
1208 1750 1404 1832 scriptorum

228 1858 309 1923 locis
333 1857 520 1923 tractandis
543 1855 707 1922 adhibeat.

319 1963 389 2028 Iam
414 1963 529 2046 negari
552 1961 680 2044 quide'm
703 1982 769 2028 non
794 1966 905 2044 potest
933 1962 988 2043 001
1012 1961 1165 2028 sublimes
1194 1963 1234 2027 de
1258 1961 1403 2028 sublimi-

230 2074 303 2134 tate
335 2067 518 2133 sententias
552 2067 703 2149 proferat
727 2069 865 2134 eundem
890 2067 1019 2134 sublimi
1043 2067 1192 2133 oratione
1217 2088 1273 2135 eas
1297 2068 1404 2150 expri-

231 2193 319 2240 mere
343 2193 477 2240 necesse
501 2193 566 2239 non
589 2194 678 2256 esse3
711 2180 830 2255 tamen,
863 2180 1039 2255 antequam
1070 2177 1245 2255 probatum
1270 2175 1313 2242 sit
1336 2195 1403 2241 rem

230 2280 327 2347 aliter
355 2299 390 2346 se
421 2281 550 2361 habere,
583 2300 646 2345 non
680 2285 731 2346 est
758 2282 843 2361 quod
874 2281 913 2345 10
942 2281 1019 2346 10110
1048 2281 1194 2346 auctoris
1225 2281 1403 2347 artificioso

81 2366 84 2370 ⁵
161 2461 164 2467 ,
229 2386 499 2472 generedicendi
522 2387 717 2468 dubitemus,
742 2387 838 2452 immo
862 2387 895 2452 in
921 2406 992 2453 eam
1012 2387 1210 2453 sententiam
1231 2387 1329 2454 facile
1353 2388 1403 2452 in-

228 2493 375 2558 ducimur
407 2498 445 2557 01
477 2498 629 2574 putemus
662 2499 829 2559 auctorem
865 2493 942 2558 talis
976 2492 1078 2558 libelli
1110 2494 1216 2575 ipsum
1249 2493 1403 2559 sublimes

230 2599 413 2664 sententias
449 2591 560 2666 verbis
596 2599 786 2666 sublimibus
822 2599 1024 2681 expressisse
1056 2604 1155 2680 atque
1189 2600 1261 2680 ipso
1293 2599 1402 2664 libello

228 2705 409 2786 exemplum
439 2706 651 2771 sublimitatis
682 2705 873 2788 prodidisse.
922 2706 1014 2788 Quae
1045 2725 1116 2771 cum
1146 2705 1195 2771 ita
1226 2705 1302 2783 sint,
1337 2725 1402 2770 non

227 2810 370 2876 alienum
391 2811 523 2878 videtur
546 2831 706 2894 quaerere
730 2831 804 2879 num
829 2813 962 2896 ignotus
985 2813 1040 2878 ille
1064 2812 1206 2893 scriptor
1224 2811 1325 2877 libelli
1347 2812 1403 2893 001

227 2923 278 2982 001
302 2917 342 2983 10
366 2918 567 2984 sublimitate
591 2924 770 3000 praecepta
799 2938 883 3000 quae
913 2920 953 2984 10
977 2918 1106 2984 sublimi
1130 2918 1402 3001 generedicendi

227 3023 318 3089 dedit
342 3024 414 3105 ipso
438 3024 522 3089 libro
547 3030 680 3090 secutus
705 3025 757 3090 sit.

317 3130 422 3212 Quam
453 3131 695 3211 quaestionem·
717 3131 837 3212 optime
869 3131 918 3196 ita
949 3131 1159 3197 instituemus
1192 3137 1230 3196 ut
1264 3131 1402 3212 primum

228 3235 440 3317 adquiramus
473 3257 548 3302 num
585 3237 727 3318 scriptor
764 3237 905 3303 animum
941 3256 1034 3303 suum
1069 3239 1112 3304 ad
1144 3236 1401 3320 magnitudinem

228 3343 426 3423 provexerit,
459 3343 576 3408 deinde
604 3344 731 3423 qualem
756 3343 922 3409 adiectum
947 3344 1035 3409 inter
1059 3344 1265 3410 scribendum
1290 3350 1401 3408 osten-

228 3448 323 3528 derit,
355 3456 424 3515 tum
455 3449 573 3531 quibus
604 3449 717 3532 figuris
748 3455 782 3514 et
805 3452 979 3516 verborum
1005 3457 1039 3516 et
1062 3449 1301 3516 sententiarum
1327 3468 1401 3514 ora-

227 3553 349 3620 tionem
382 3555 611 3637 exornaverit,
652 3560 728 3636 post
760 3575 825 3637 qua
858 3556 988 3622 ratione
1021 3555 1235 3622 elocutionem
1269 3555 1401 3639 dignam

227 3661 415 3737 reddiderit,
441 3663 580 3743 denique
604 3662 721 3743 quibus
741 3663 986 3744 compositionis
1011 3662 1125 3728 formis
1149 3680 1227 3727 usus
1252 3661 1304 3728 sit.
1350 3663 1401 3728 Eo

227 3766 311 3831 enim
337 3767 449 3833 ordine
469 3769 611 3850 scriptor
635 3776 813 3851 praecepta
837 3771 878 3835 de
902 3768 1103 3835 sublimitate
1123 3770 1181 3835 dat
1200 3767 1306 3852 (VIII,
1329 3769 1401 3855 1).)

227 3873 300 3955 Qua
329 3873 364 3937 in
394 3893 429 3938 re
453 3877 630 3941 tractanda
654 3875 898 3941 dissertationis
926 3875 1009 3940 fines
1031 3875 1196 3940 nonnullis
1220 3874 1300 3940 locis
1324 3894 1400 3956 pro-

226 3979 380 4060 feremus
406 3981 523 4061 quibus
548 3983 759 4047 statuendum
779 3981 842 4047 erit
866 3985 1033 4046 auctorem
1053 3986 1232 4064 praecepta
1256 3981 1401 4047 sublimi-

226 4085 308 4151 tatis
329 4092 476 4152 secutum
495 4107 568 4154 esse
588 4106 682 4169 quae,
703 4107 774 4153 curn
795 4088 925 4171 singula
944 4089 1080 4170 quaevis
1100 4105 1272 4154 recensere
1288 4087 1399 4168 nollet,

225 4191 297 4273 ipse
321 4210 387 4257 non
411 4194 557 4260 tradidit.
591 4283 594 4289 Ι

318 4387 336 4455 ¹)
364 4387 475 4441 Talibus
494 4403 666 4442 numerorum
686 4389 772 4458 signis
791 4388 882 4457 capita
902 4393 930 4442 01
948 4389 1113 4458 paragraphi
1131 4389 1219 4443 libelli
1237 4388 1400 4441 indicantur.
