3268 5002
746 439 789 446 ..
836 400 879 464 30
924 437 967 444 ,-

358 595 409 660 Ac
432 594 570 676 primurn
594 595 723 675 quidem
746 599 980 660 enumerentur
1001 593 1065 660 loci
1084 592 1201 673 quibus
1226 591 1369 673 scriptor
1392 611 1444 658 re-

271 715 428 782 sponsum
452 700 690 780 enuntiationis
714 699 936 766 affirmativae
961 698 1068 764 forma
1091 699 1207 764 induit.
1248 698 1310 764 His
1335 703 1443 763 autem

270 807 412 888 quinque
431 808 511 873 locis
531 808 574 872 ad
591 806 885 890 interrogationem
910 805 978 872 suis
1001 805 1105 887 ipsius
1121 805 1232 872 verbis
1251 805 1443 886 respondet:

270 914 322 995 25,
340 914 383 977 24
399 916 472 980 ποία
489 918 522 980 δὲ
538 918 591 980 καί
607 916 650 992 τίς
666 919 760 1000 adum
785 926 846 980 τῶν
870 916 1048 999 ἔμπροσθεν
1073 916 1216 1000 μεγάλων
1240 913 1445 998 συγγραφέων

269 1025 321 1086 καί
345 1033 480 1107 ποιητῶν
504 1022 626 1108 μίμησίς
650 1044 683 1086 τε
706 1024 759 1086 καί
779 1022 922 1106 ζὴλωσις.
962 1020 1014 1099 26,
1032 1020 1053 1084 8
1070 1022 1161 1106 μόνος
1175 1018 1338 1105 Ἡρὸδοτος
1353 1017 1445 1104 Ὁμη·

269 1129 437 1214 ρικὼτατος
454 1129 590 1213 ἐγένετο;
604 1127 792 1212 Στησίχορος
808 1131 852 1192 ἔτι
868 1128 1016 1212 πρότερον
1032 1131 1048 1192 ὅ
1064 1150 1098 1192 τε
1113 1125 1305 1214 Ἀρχίλοχος,
1322 1127 1445 1192 πάντων

268 1237 442 1300 δὲ-τοὺτων
466 1236 600 1319 μάλιστα
616 1235 632 1297 ὁ
647 1234 780 1298 Πλάτων
797 1249 862 1313 eqS.
897 1233 1010 1314 31119
1034 1233 1062 1298 τί
1085 1232 1138 1298 οὖν
1161 1235 1181 1318 ἡ
1205 1235 1351 1320 ῥητορικὴ
1371 1256 1446 1317 φαν·

268 1342 360 1407 τασία
376 1343 519 1421 δύναται,
544 1342 647 1406 πολλὰ
671 1342 725 1425 μὲν
748 1343 822 1418 ἴσως
846 1343 898 1404 καί
918 1342 1000 1405 ἄλλα
1019 1350 1081 1418 τοῖς
1099 1341 1203 1424 λόγως
1222 1339 1374 1425 ἐναγώνια
1392 1341 1446 1404 καί

269 1449 398 1533 ἐμπαθῆ
416 1447 657 1531 προσεισφέρειν,
674 1447 922 1532 κατακιρναμὲνη
940 1447 1040 1531 μέντοι
1057 1457 1122 1524 ταῖς
1141 1457 1366 1532 πραγματικαῖς
1382 1447 1446 1509 ἐπι-

268 1554 443 1639 γειρίγσεσιν
460 1557 495 1617 οὐ
512 1553 615 1618 πείθει
631 1557 684 1618 τὸν
699 1555 856 1638 ἀκροατὴν
872 1555 964 1638 μόνον
981 1554 1131 1618 ἀλλὰκαὶ
1147 1555 1319 1618 δουλοῦται.
1352 1550 1444 1632 Quod

268 1676 460 1739 responsum
489 1657 677 1723 accuratius
701 1657 797 1724 velim
826 1657 1023 1738 consideres
1054 1676 1125 1722 cum
1153 1657 1188 1722 in
1216 1656 1447 1738 prioreparte

268 1783 334 1830 uon
350 1767 485 1831 verbum
501 1764 629 1830 finitum
643 1765 730 1845 quod
747 1763 867 1830 dieitur
885 1765 943 1830 sed
958 1763 1140 1830 infinitivus
1157 1765 1304 1845 pendens
1321 1783 1341 1828 a
1357 1767 1445 1830 δύνα-

268 1896 316 1936 ται
332 1871 366 1937 in
382 1871 644 1954 interrogatione
660 1869 768 1952 posito
783 1870 925 1954 legatur,
943 1871 977 1936 in
994 1872 1101 1936 altera
1116 1874 1212 1951 parte
1225 1871 1362 1936 verbum
1372 1869 1444 1934 fini-

268 1983 337 2042 tum
357 1982 474 2044 exstet.
514 1979 566 2058 34,
586 1980 625 2042 11
643 1980 698 2043 τίνι
718 1982 777 2064 γὰρ
794 1977 920 2044 ἐνταῦθ’
937 1981 953 2044 ὁ
969 1981 1071 2065 ῥήτωρ
1091 1979 1251 2064 ἀπέκρυψε
1271 1983 1305 2043 τὸ
1322 1990 1445 2064 σχῆμα,

268 2088 361 2170 δῆλον
379 2089 487 2170 ὅτιτῷΙ
503 2088 580 2169 φωτὶ
597 2088 691 2170 αὐτῷ.
731 2084 783 2165 55,
803 2086 821 2148 7
845 2086 873 2149 τί
892 2083 960 2150 ποτ’
980 2085 1032 2151 οὖν
1052 2085 1131 2151 είδον
1151 2086 1179 2149 οἱ
1198 2087 1317 2150 iudicor
1337 2087 1445 2150 ἐκεῖνοι

267 2195 320 2255 καί
344 2202 406 2256 τῶν
433 2191 584 2276 μεγίστων
612 2191 828 2276 ἐπορεξάμενοι
852 2203 906 2276 τῆς
929 2203 1118 2277 συγγραφῆς,
1146 2203 1200 2276 τῆς
1228 2189 1254 2256 δ’
1278 2193 1310 2256 ἐν
1333 2195 1445 2256 ἅπασιν

268 2297 424 2382 ἀκριβείας
449 2299 752 2382 ὑπερφρονίγσαντες·,
787 2301 863 2382 πρὸς
891 2300 1018 2374 πολλοῖς
1046 2300 1152 2374 ἄλλοις
1180 2300 1280 2363 ἐκεῖνο
1309 2302 1353 2362 ὃτι
1377 2314 1443 2376 eqs,

267 2401 380 2482 Neque
404 2402 556 2467 hocloco
577 2421 708 2468 monere
729 2403 843 2467 omitto
863 2401 1058 2492 scriptorem
1077 2385 1237 2484 responsa
1256 2404 1445 2484 plerumque

267 2527 333 2574 non
349 2507 501 2589 perfecta
517 2514 552 2574 et
568 2508 722 2575 absoluta
738 2509 967 2576 enuntiatione
984 2511 1072 2590 dare,
1099 2510 1156 2574 sed
1172 2509 1443 2592 interrogationis

267 2614 405 2681 formam
430 2621 466 2681 nt
488 2615 537 2680 ita
562 2616 667 2681 dicam
691 2634 788 2696 porro
813 2622 848 2682 et
864 2617 906 2681 ad
922 2617 1017 2682 finem
1035 2617 1163 2697 ducere,
1187 2616 1221 2681 id
1244 2617 1331 2697 quod
1354 2615 1442 2680 Roh-

267 2721 340 2787 dius
360 2721 394 2786 in
414 2741 495 2787 murs,
520 2723 611 2787 rhen.
629 2722 782 2806 (XXXV.
801 2742 832 2803 p.
851 2723 937 2806 310.)
961 2742 981 2786 a
1000 2722 1085 2804 tigit.
1125 2722 1239 2803 Neque
1262 2742 1340 2789 vero
1357 2703 1444 2788 Roh·

266 2827 340 2892 dius
364 2828 470 2891 locum
494 2846 557 2907 quo
582 2828 726 2908 scriptor
749 2831 791 2892 ab
811 2830 965 2893 adamato
986 2828 1116 2894 dicendi
1135 2848 1254 2910 genere
1274 2827 1445 2895 aberravit

268 2935 334 3020 (12,
352 2934 406 3018 11)
431 2935 472 2999 ob
497 2933 530 3000 id
553 2933 660 3016 ipsum
684 2934 769 3000 falso
794 2934 951 3000 traditum
972 2953 1044 3000 esse
1062 2937 1261 3001 contendere
1284 2942 1344 3000 aut
1366 2954 1443 3017 pro-

267 3040 396 3106 nomine
420 3039 560 3106 relativo
584 3040 714 3106 adiecto
737 3046 866 3106 mutare
890 3041 1012 3122 debuit,
1038 3042 1232 3122 praesertim
1256 3061 1329 3107 oum
1351 3042 1443 3107 locus

266 3147 319 3212 hic
338 3146 405 3212 alia
423 3146 522 3212 etiam
541 3166 577 3211 re
597 3149 639 3212 ab
657 3146 698 3212 iis
718 3166 799 3228 quos
819 3149 913 3212 modo
934 3147 1032 3213 attuli
1052 3147 1191 3214 differat.
1229 3149 1342 3230 Neque
1358 3149 1444 3214 eninr

267 3253 410 3334 scriptor
432 3253 504 3335 ipse
528 3273 563 3319 se
581 3254 778 3337 interrogat,
804 3255 861 3319 sed
884 3255 1040 3320 lectorem
1064 3254 1159 3337 fingit
1183 3274 1224 3320 ex
1246 3255 1318 3337 ipso
1342 3274 1443 3336 quae-

267 3366 403 3437 rentem,
428 3361 587 3441 quomodo
605 3360 730 3426 animos
747 3366 880 3426 nostros
897 3362 939 3425 ad
956 3361 1189 3427 sublimitatem
1206 3362 1323 3427 tollere
1337 3361 1443 3443 possi-

267 3486 346 3532 mus,
385 3469 460 3550 τίνα,
487 3469 603 3553 φήσεις,
628 3471 757 3553 sednon
781 3470 924 3556 γὲγραφοί
940 3493 1000 3534 που
1016 3472 1069 3534 καί
1086 3471 1217 3554 ἑτέρωθι
1233 3474 1268 3535 τὸ
1284 3453 1440 3535 τοιοῦτον·

267 3577 344 3658 ὕψος
365 3576 818 3662 perseioppocdrqscirrr'ppqpa.
858 3575 911 3640 Ad
929 3573 1019 3638 locos
1039 3575 1146 3639 adhuc
1163 3579 1328 3640 tractatos
1344 3574 1444 3640 etiarn

267 3678 426 3744 subiectio
443 3698 528 3759 quae
544 3681 596 3760 32,
613 3682 629 3743 l
649 3685 759 3745 exstat
776 3681 927 3746 addenda
944 3687 1004 3747 est.
1030 3680 1081 3745 Ibi
1094 3682 1325 3747 Demosthenis
1336 3681 1443 3747 locum

266 3784 482 3851 exoratione
509 3788 550 3851 de
578 3805 701 3851 corona
729 3794 893 3868 sumptum
918 3786 1114 3853 laudaturus
1139 3793 1256 3854 auctor
1279 3791 1442 3872 ἀπόδειξιν,

265 3891 382 3972 iuquit,
413 3894 657 3979 ὁΔημοσθένης
688 3897 764 3980 ὑπὲρ
795 3905 856 3959 τῶν
880 3896 1146 3980 πεπολιτευμένων
1170 3897 1313 3982 εἰσφέρει.
1361 3896 1443 3960 Tum

265 3997 468 4081 interrogat:
493 4001 537 4076 τίς
561 3998 587 4064 δ’
607 4000 643 4086 ἣν
666 4002 686 4086 ἡ
706 4004 787 4065 κατὰ
807 4003 896 4086 φύσιν
912 4013 1020 4088 χρῆσις
1040 4006 1146 4082 αὐτίς,
1177 4001 1290 4066 statim
1306 4022 1442 4083 respon-

267 4123 337 4169 sum
362 4104 589 4184 subsequitur:
622 4111 680 4194 οὐχ
703 4109 864 4193 ἡμάρτετε,
897 4107 922 4172 ὠ
953 4111 1060 4193 ἄνδρες
1083 4107 1244 4195 Ἀθηναῖοι
1269 4128 1346 4189 eqs.,
1378 4128 1442 4188 quo

266 4229 426 4291 responso
443 4211 673 4278 Demosthenis
693 4214 795 4279 verba
808 4231 849 4297 eo
868 4213 980 4278 ordine
997 4212 1205 4296 adferuntur,
1231 4215 1286 4295 qui
1310 4221 1441 4281 senten-

266 4316 334 4382 tiae
358 4316 477 4398 aptior,
502 4337 614 4384 verum
639 4319 744 4384 minus
769 4319 968 4384 artificiosus
992 4325 1052 4384 est.

354 4431 423 4488 Iam
447 4424 541 4490 nobis
565 4425 652 4491 uiam
673 4427 714 4491 ad
734 4430 894 4506 quattuor
913 4426 1133 4493 subiectiones
1153 4409 1440 4509 praemunivimus,
