3268 5002
626 280 845 343 *77-

147 494 218 540 rum
242 476 441 556 syllabarum
466 475 620 542 cernitur.
645 493 748 555 neque
773 494 850 540 vero
874 493 912 538 ea
931 473 1082 552 gradatio
1103 474 1319 554 vituperanda

147 586 206 664 est,
229 581 324 647 immo
347 581 583 647 sententiarum
606 587 700 646 tenor
723 583 805 646 bene
828 580 972 662 longiore
995 583 1137 645 membro
1156 580 1268 645 finitur
1286 585 1319 644 et

147 688 352 754 terminatur.
400 689 515 754 Priora
539 694 647 754 autem
667 693 823 768 quattuor
841 689 986 752 1111111111
1010 687 1197 768 posterioris
1215 687 1320 768 partis

146 794 264 876 prioris
291 796 423 878 periodi,
453 800 586 877 excepto
619 798 757 860 seeundo
785 797 868 876 quod
897 794 1155 874 quattuordecim
1185 795 1320 876 syllabis

147 901 340 985 continetur,
372 901 478 966 omnia
511 901 729 983 septendecim
761 901 897 983 syllabis
925 900 1147 985 efficiuntur.¹)
1193 901 1319 966 Deinde

146 1010 209 1072 duo
228 1009 297 1072 cola
316 1008 491 1073 octodecim
510 1010 710 1090 syllabarum
728 1015 916 1088 sequuntur.
934 1007 1049 1088 quibus
1061 1007 1319 1088 quattuordecim

146 1116 294 1196 syllabae
328 1115 465 1180 extremi
500 1115 560 1179 coli
593 1118 796 1197 respondent.
848 1116 918 1198 Quo
950 1103 1113 1196 pulchrior
1145 1121 1253 1179 autem
1286 1121 1319 1178 et

147 1220 273 1301 plenior
291 1221 396 1285 1111110
416 1224 582 1290 evaderet.
602 1227 679 1286 ante
697 1221 776 1286 illud
797 1209 973 1286 membrum
993 1221 1081 1286 aliud
1100 1221 1319 1303 quadriginti

146 1327 288 1407 quinque
311 1328 446 1410 syllabis
471 1329 611 1393 1111111111
635 1328 773 1409 positum
797 1335 854 1392 est.
902 1331 980 1393 llum
1004 1333 1113 1392 autem
1140 1327 1174 1392 in
1202 1348 1318 1409 paren-

146 1434 230 1498 thesi
256 1454 318 1499 non
344 1440 438 1499 tanta
463 1435 680 1515 aequabilitas
696 1436 918 1500 membrorum
942 1434 984 1498 sit
1008 1474 1051 1480 -
1076 1455 1150 1499 nam
1181 1437 1318 1500 alterum

237 1682 256 1750 ¹)
276 1683 316 1734 De
342 1699 426 1749 aequo
457 1684 635 1736 membrorum
659 1683 823 1750 syllabarum
852 1699 963 1737 numero
991 1684 1117 1750 quoniam
1143 1683 1258 1751 agimus,
1291 1683 1319 1735 in

144 1776 302 1824 transcursu
328 1773 457 1826 addamus
481 1773 662 1840 compluribus
688 1773 753 1826 locis
778 1773 927 1828 orationem
953 1773 1072 1828 auctoris
1091 1772 1142 1826 tali
1161 1771 1319 1839 parisosi

145 1876 214 1926 qliae
240 1867 353 1914 vocatur
371 1868 528 1915 exornatam
548 1878 612 1916 esse.
650 1863 746 1928 ltaque
766 1879 788 1916 e.
808 1879 835 1930 g.
856 1863 1005 1916 sententias
1024 1862 1115 1916 adiero
1135 1863 1264 1928 11111116,
1285 1863 1319 1915 13

145 1954 269 2002 exstant:

332 2045 378 2091 aut
397 2044 430 2092 τὰ
449 2045 493 2106 μὲν
514 2043 584 2092 ἄλλα
603 2044 662 2103 τοὺς
681 2045 828 2107 χρωμένους
848 2043 1001 2106 ἀνθρώπους
1021 2042 1133 2106 ἐλέγχει,

333 2133 362 2180 τὸ
382 2131 404 2180 δ’
423 2131 487 2194 ὕψος
507 2131 584 2196 ἐγγὺς
604 2134 670 2195 αἴρει
689 2132 919 2196 μεγαλοφροοΰνης
938 2131 1003 2180 θεοῦ
1014 2147 1019 2158 ·

332 2221 426 2270 καὶτὸ
447 2222 491 2283 μὲν
512 2222 652 2270 ἄπταιστον
672 2222 702 2271 οὐ
721 2222 838 2285 ψέγεται,

332 2309 361 2357 τὸ
381 2311 449 2372 μέγα
468 2311 496 2359 δὲ
515 2313 560 2360 καί
579 2311 751 2374 θαυμάζεται.

234 2412 276 2464 111
302 2413 353 2465 11111
379 2413 468 2479 priora
487 2414 606 2467 membra
625 2414 721 2481 quinas
740 2415 822 2467 denas
841 2415 959 2479 syllabas
978 2414 1115 2479 exhibent,
1142 2414 1318 2481 posteriorum

143 2502 262 2556 alterurn
287 2501 385 2567 decern,
411 2502 528 2556 alterum
552 2519 655 2557 novem.
697 2504 798 2555 Verum
826 2519 879 2555 non
905 2503 990 2555 solum
1018 2503 1144 2569 pariensis
1167 2503 1318 2569 exemplum

143 2591 298 2656 praebetur!
318 2591 363 2644 sed
382 2591 465 2644 etiam
483 2591 598 2644 duarum
617 2591 793 2645 antithesiurn
813 2597 840 2644 11
860 2607 952 2645 earum
971 2592 1048 2643 valde
1067 2590 1238 2658 simplicium,
1258 2607 1318 2644 curn

143 2679 281 2732 sententia
305 2678 470 2733 affirmativa
495 2681 652 2748 negativam
678 2691 815 2745 sequatur.
853 2679 907 2733 Nec
927 2680 1017 2748 fugiet
1036 2695 1197 2746 quemquam
1215 2680 1319 2732 dualnrs

143 2768 326 2822 antithesibus
346 2784 459 2834 quarum
479 2768 566 2822 initiis
585 2769 721 2835 anaphora
740 2768 832 2834 aliqua
851 2770 920 2822 latet
940 2769 996 2838 (καὶ
1015 2773 1047 2820 τὰ
1061 2773 1106 2846 μὲν
1117 2775 1206 2821 -καὶ
1219 2773 1248 2821 τὸ
1262 2769 1318 2838 μὲν)

143 2857 270 2923 aequales
296 2857 445 2911 sententias
470 2857 610 2910 contineri.
648 2857 758 2911 Accedit
783 2859 851 2924 quod
878 2858 906 2910 in
930 2857 1016 2910 altera
1035 2857 1166 2910 antithesi
1185 2857 1318 2911 homoi-

144 2947 334 3001 oteleuton
354 2945 396 3015 (οὐ
415 2951 523 3013 ψέγεται
534 2977 567 2984 -
578 2947 752 3016 θαυμάζεται)
772 2952 870 3000 exstat.

252 3035 390 3088 Similibus
413 3035 564 3089 rationibus
575 3068 606 3074 -
618 3036 732 3090 subtiles
751 3036 834 3090 Birtii
858 3037 1058 3090 observationes
1080 3036 1214 3090 adiero-
1226 3043 1320 3090 auctor

143 3124 259 3178 fortasse
283 3130 430 3178 commotus
456 3131 506 3194 111,
530 3133 561 3177 ut
587 3128 612 3194 9,
633 3129 666 3180 12
692 3134 755 3179 ante
775 3128 913 3192 ὑπερβολαὶ
937 3125 1096 3178 vocabulum
1124 3130 1150 3176 ai
1173 3125 1319 3178 articulum

143 3213 291 3279 omitteret,
319 3230 371 3279 qua
396 3230 424 3266 re
449 3213 546 3266 similis
572 3215 762 3267 vocabulorum
781 3231 861 3267 sonus
887 3216 987 3267 evasit:
1019 3219 1045 3265 αῑ
1071 3216 1213 3279 perstabat
1226 3245 1259 3252 —
1272 3219 1319 3266 aut

144 3305 292 3370 ὑπερβολαί.
321 3302 412 3357 Etiam
434 3303 504 3368 11,9
524 3303 605 3356 verba
624 3309 733 3357 exstant
752 3303 836 3372 digna
856 3319 924 3370 quae
942 3303 986 3355 hic
999 3309 1246 3356 commemorentur.
1276 3303 1318 3356 lbi

144 3391 217 3445 enirn
242 3400 344 3458 auctor,
368 3407 429 3446 cum
448 3395 539 3459 ἀμέλει
564 3392 724 3446 vocabulum
750 3393 779 3446 in
802 3393 855 3447 fine
881 3391 1033 3446 sententiae
1052 3393 1151 3458 posuit,
1179 3392 1225 3458 qui
1245 3392 1319 3445 locus

144 3480 203 3534 eius
222 3480 346 3534 vocabuli
372 3498 388 3533 a
408 3482 601 3535 consuetudine
621 3482 755 3545 abhorret,
782 3499 835 3534 non
853 3482 940 3534 solum
959 3481 1048 3534 effecit
1072 3487 1103 3534 nt
1129 3482 1180 3533 duo
1200 3482 1318 3534 membra

145 3569 257 3622 totidem
278 3568 387 3634 syllabis
407 3570 617 3636 continerentur,
637 3571 682 3624 sed
702 3569 785 3624 etiam
804 3570 874 3623 idem
894 3586 1022 3624 numerus
1040 3570 1181 3623 evaderet:

573 3681 641 3729 ἐστιν
661 3679 678 3729 ἃ
696 3681 836 3744 παρέλιπεν

571 3772 617 3818 καὶ
636 3770 666 3818 τὸ
685 3769 772 3830 πάθος
792 3769 891 3832 ἀμέλει.

236 3871 344 3939 Optime
363 3878 454 3926 autem
473 3889 541 3939 quae
560 3873 698 3940 scriptoris
717 3874 787 3928 ratio
806 3874 835 3927 in
853 3873 974 3927 oratione
993 3872 1318 3926 1ο111111111111111111111

145 3961 319 4030 intellegitur
337 3962 407 4028 quod
428 3962 468 4030 16,
488 3962 505 4014 3
524 3963 606 4016 verba
625 3979 658 4016 ex
672 3963 770 4017 Genesi
790 3968 935 4031 assumpta,
956 3968 1101 4028 antequam
1120 3962 1148 4014 in
1167 3961 1266 4014 librum
1286 3962 1318 4014 de

146 4066 197 4116 quo
210 4051 316 4128 agimus
329 4051 519 4116 insererentur,
534 4051 640 4104 omnino
654 4051 798 4106 immutata
811 4057 883 4105 sunt.
912 4051 1046 4105 Nimirum
1059 4049 1318 4118 Pseudo-Longinus

146 4155 204 4192 earn
223 4139 401 4194 mutationem
420 4139 493 4206 11111,
513 4146 545 4193 ut
563 4140 615 4193 duo
634 4141 785 4195 sententiae
805 4141 924 4194 membra
943 4140 1081 4193 simillima
1101 4145 1204 4193 essent:

536 4249 660 4313 γενέσθω
679 4254 742 4313 φῶς,
761 4253 807 4299 καὶ
826 4252 948 4314 ἐγένετο·

540 4338 657 4403 γενέσθω
676 4344 719 4405 γῆ,
737 4341 785 4388 καὶ
803 4340 926 4403 ἐγένετο.
