3268 5002
763 317 983 381 „54.„

288 514 391 597 ὥσπερ
412 514 449 577 ἐκ
468 513 568 598 μέθης
583 516 661 590 τινὲς
677 515 718 591 εις
736 517 773 578 τοι
789 515 896 600 μηκέτι
913 526 966 580 τοῦ
983 515 1171 600 πράγματος,
1191 517 1253 580 ἴδια
1272 512 1322 601 [δ’]
1344 516 1460 582 ἑαυτῶν

287 621 340 684 και
363 620 498 705 σχολικὰ
526 620 881 706 suessionensium
912 621 961 702 12,
986 621 1006 684 5
1030 623 1134 706 ὥσπερ
1163 623 1222 688 ὑπὸ
1247 623 1355 707 μανίας
1383 627 1460 700 τινὸς

287 729 339 792 και
372 727 543 811 πνεύματος
577 727 840 804 ἐνθουσιαστικῶς
874 728 1003 793 ἐκπνὲον
1032 731 1084 792 και
1108 729 1197 794 οιονει
1222 729 1369 816 φοιβάζον
1391 734 1461 805 τοὺς

286 834 410 919 λὸγους;
423 832 475 912 50,
499 833 519 896 3
540 830 718 919 [Πλάτωνα]
744 837 848 919 ὥσπερ
872 837 931 901 ὑπὸ
955 835 1102 920 βακχείας
1122 839 1200 911 τινὸς
1218 846 1280 901 τῶν
1301 837 1404 921 λόγων
1420 837 1461 912 εἰς

287 942 461 1024 μεταφορὰς
484 941 700 1026 ἐκφερόμενον.

376 1046 405 1108 Α
429 1045 584 1111 brevibus
608 1046 901 1126 comparationibus
926 1049 967 1110 ad
986 1048 1100 1128 longas
1119 1053 1153 1112 ct
1172 1049 1335 1129 periectas
1355 1053 1476 1116 trans.

288 1151 379 1218 imus.
426 1152 669 1233 Simplicissima
692 1159 726 1216 et
750 1152 962 1218 usitatissima
986 1154 1236 1235 comparationis
1264 1155 1378 1237 torma,
1406 1154 1460 1220 ubi

286 1259 410 1340 protasi
434 1262 475 1336 ὡς
504 1259 674 1340 particula,
703 1259 833 1344 apodosi
858 1265 954 1338 οὕτως
978 1260 1209 1344 praemittitur,
1228 1262 1343 1344 35,14,
1368 1261 1419 1343 37,
1432 1262 1460 1342 9,

288 1367 340 1447 42,
351 1367 393 1430 23
418 1371 534 1430 exstat.
582 1367 620 1431 ιιι
643 1366 767 1447 protasi
791 1371 895 1453 ὥσπερ
915 1386 973 1448 pro
993 1370 1043 1449 ὡς,
1062 1367 1096 1432 in
1116 1368 1247 1449 apodosi
1267 1375 1364 1446 οὕτως
1384 1370 1459 1451 352

287 1476 322 1536 et
344 1472 417 1553 67ss
441 1472 570 1553 legitur.
617 1474 749 1538 Duobus
772 1473 850 1538 locis
874 1477 915 1538 ad
939 1475 1127 1555 posterioris
1150 1475 1336 1540 sententiae
1365 1481 1459 1552 οὕτως

224 1585 226 1589 ’
287 1578 426 1660 scriptor
435 1583 487 1645 καὶ
501 1580 600 1646 addit.
614 1587 650 1645 ιιι
661 1581 800 1645 turmula
812 1585 1043 1668 ὥσπερ-οὕτω
1057 1586 1109 1648 και
1122 1585 1252 1664 evadat,
1264 1587 1342 1648 sunt
1354 1587 1460 1648 autem

287 1685 369 1769 63,2
390 1691 423 1750 et
441 1687 493 1769 65,
506 1688 535 1751 6.
577 1689 698 1752 (ronna
717 1691 769 1754 και
793 1687 956 1768 particula
975 1707 1038 1754 non
1058 1691 1099 1754 αιι
1119 1695 1198 1758 οὕτω
1219 1691 1274 1754 sed
1294 1692 1337 1754 αιι
1357 1693 1459 1774 ὥσπερ

288 1792 401 1858 addita
425 1798 474 1858 cst
497 1795 616 1876 34,12.
659 1782 779 1877 Quinto
799 1796 867 1859 loco
891 1795 1163 1876 comparationem
1180 1814 1460 1864 commemoramus

287 1919 370 1981 quac
394 1901 445 1983 45,
462 1901 481 1963 2
507 1905 616 1965 exstat
602 1901 721 1965 thi
745 1921 823 1967 vero
842 1902 982 1982 protasis
999 1902 1162 1984 apodosim
1178 1902 1334 1986 sequitur,
1358 1920 1460 1983 neque

288 2011 391 2093 ὥσπερ
420 2007 561 2090 apodosi
594 2028 677 2088 quac
706 2007 800 2072 ιιιιιιια
828 2009 1077 2089 comparationis
1100 2009 1190 2090 prior
1217 2029 1293 2090 pars
1319 2015 1377 2091 est,
1405 2010 1460 2072 sed

286 2118 397 2180 ταύτὸν
413 2114 644 2195 praemittitur.
690 2116 714 2179 J
715 2134 767 2178 am
788 2117 827 2180 de
844 2117 966 2180 dnobus
981 2114 1059 2181 locis
1075 2116 1245 2183 dicendum
1261 2121 1310 2180 est
1328 2134 1459 2198 qnorum

287 2221 411 2302 protasi
434 2224 582 2307 καθάπερ
606 2220 768 2302 particula
792 2222 978 2303 praeposita
1002 2227 1059 2305 est,
1084 2224 1113 2305 9,
1138 2224 1179 2288 22
1204 2225 1244 2288 de
1272 2243 1335 2304 qno
1364 2241 1459 2304 snpra

287 2327 418 2410 egiurns,
449 2333 483 2392 et
511 2328 637 2410 61,17,
683 2328 795 2408 Neque
827 2348 905 2394 vero
938 2348 1002 2394 nna
1031 2348 1084 2394 eos
1112 2335 1258 2395 tractare
1286 2348 1458 2412 possumne,

288 2434 364 2516 qnia
388 2437 541 2517 apodoses
564 2437 660 2501 valde
683 2435 770 2500 inter
793 2454 827 2500 se
851 2433 1014 2501 differunt.
1059 2435 1151 2501 [llius
1167 2443 1276 2502 autem
1292 2455 1456 2518 compara·

288 2542 384 2606 tionis
397 2562 487 2622 'qnae
510 2542 540 2623 9,
559 2543 601 2607 22
625 2547 735 2606 exstat
760 2542 906 2624 apodosis
924 2543 1054 2609 initium
1072 2543 1230 2610 adverbio
1249 2547 1322 2630 τῇδε
1342 2545 1456 2608 torma-

288 2655 353 2731 ιιιι,
375 2652 458 2730 qnod
476 2649 561 2714 idem
579 2650 649 2714 iere
668 2669 707 2714 ac
726 2655 822 2728 οὕτως
841 2649 1010 2731 significat.
1057 2652 1178 2716 Verum
1196 2650 1284 2716 iutra
1303 2649 1458 2732 protasim

288 2762 322 2820 et
349 2756 512 2838 apodosim
544 2761 611 2821 tres
640 2756 822 2824 sententiae
849 2756 1062 2838 interpositae
1090 2762 1173 2840 snut,
1202 2777 1285 2839 qnae
1311 2757 1363 2824 ita
1389 2755 1457 2846 ¹aiia

287 2863 384 2932 aliam
401 2868 587 2946 sequuntur,
607 2869 644 2928 ut
663 2868 735 2944 post
750 2863 871 2928 tertiae
889 2864 984 2928 finem
1003 2884 1066 2930 non
1086 2864 1185 2932 etiam
1204 2871 1293 2930 certe
1312 2865 1457 2943 sciamus,

286 2976 395 3037 utrum
423 2969 571 3051 apodosis
595 2973 636 3036 αι
664 2970 820 3051 protasim
848 2971 1021 3036 referenda
1049 2971 1093 3035 sit
1126 2991 1168 3036 an
1200 2991 1302 3040 novus
1330 2977 1456 3038 senteu-

287 3076 407 3142 tiarnm
431 3081 524 3140 tenor
546 3077 690 3158 incipiat.

322 3245 326 3250 .
375 3185 524 3250 Alterum
549 3186 730 3266 exemplum
753 3187 836 3265 qnod
860 3185 911 3267 61,
930 3186 970 3249 17
996 3191 1105 3249 exstat
1128 3204 1192 3250 non
1215 3185 1319 3252 minus
1344 3203 1455 3252 memo·

285 3291 391 3356 rabile
415 3296 547 3356 estnec
571 3291 727 3373 explicari
751 3295 858 3373 potest
881 3291 944 3357 nisi
968 3312 1026 3373 per
1050 3288 1297 3360 ‘anacoluthiam
1337 3295 1458 3358 Auctor

286 3398 332 3464 ibi
356 3397 463 3462 dicere
493 3400 650 3480 voluerat,
684 3403 720 3462 nt
753 3405 844 3464 recta
876 3399 1104 3485 compositione
1136 3401 1352 3466 membrorum
1375 3401 1456 3464 bona

287 3525 421 3587 corpora
453 3506 576 3588 fierent,
609 3505 658 3570 ita
690 3511 781 3570 recta
814 3493 1040 3586 compositione
1073 3505 1284 3587 singularium
1317 3504 1456 3588 partium

287 3612 522 3678 sententiarum
550 3615 666 3678 bonam
695 3612 860 3694 periodum
889 3615 1038 3678 evadere
1084 3613 1119 3678 Si
1146 3614 1227 3679 nihil
1256 3612 1455 3694 adspicimus,

286 3719 347 3784 nisi
376 3719 515 3801 priorem
543 3719 632 3784 iilam
656 3719 794 3784 sentent
771 3725 851 3784 tram
881 3723 913 3786 ἐν
944 3723 978 3787 δὲ
1007 3731 1068 3798 τοῖς
1099 3723 1231 3807 μάλιστα
1262 3724 1460 3807 μεγειοποιεῑ

286 3832 325 3894 τοι
348 3830 509 3915 λεγομενα,
534 3830 682 3912 καθάπερ
705 3832 744 3892 τὰ
767 3828 896 3913 σώματα
920 3829 1019 3912 ἡτῶν
1044 3830 1145 3913 μελῶν
1166 3831 1370 3906 sereniorem,
1396 3841 1456 3888 nou

288 3934 429 4017 corporis
453 3935 677 4016 membrorum,
701 3937 756 3998 secl
781 3933 1017 3998 sententiarum
1041 3935 1254 3999 membrorum
1274 3929 1455 4016 compositio

287 4043 418 4108 videtin·
441 4040 625 4123 significari.
672 4043 795 4106 Auctor
814 4041 899 4106 αιιιιιι
917 4041 966 4105 ιια
984 4041 1222 4122 intellegendus
1240 4047 1291 4106 est
1314 4048 1351 4106 ιιι
1370 4038 1454 4104 dicat

287 4148 514 4231 compositione
538 4149 752 4212 membrorum
776 4149 1012 4214 sententiarum
1036 4168 1075 4212 en
1099 4168 1183 4228 qnae
1206 4148 1455 4230 pronuntiantur

286 4255 425 4339 grandia
440 4255 515 4320 iieri
532 4257 642 4320 eodem
658 4257 749 4320 modo
768 4274 830 4336 quc
849 4257 1063 4321 rirerubrorum
1077 4255 1218 4336 corporis
1231 4252 1453 4337 compositione

289 4383 403 4446 corpus
430 4362 544 4446 ipsum.
590 4360 783 4428 Eunntiatio
812 4367 920 4428 antem
949 4362 1091 4428 relativa
1120 4362 1162 4430 ὧν
1190 4366 1223 4430 ἓν
1251 4366 1305 4449 μὲν
1329 4379 1401 4442 eos,
1427 4352 1454 4419 si
