3268 5002
776 321 999 384 „26-

307 519 449 602 ignerat,
470 516 552 582 nihil
571 515 761 581 admirabile
781 517 834 593 sit,
855 517 888 581 id
904 523 1034 582 tautum
1050 536 1249 596 moneamus,
1269 537 1384 584 novem
1400 517 1481 582 locis

308 643 379 689 eam
401 623 435 688 in
460 622 633 689 sententiis
657 622 848 689 ineuntibus
872 629 948 705 post
971 624 1154 706 particulas
1179 623 1365 689 sententiae
1384 643 1480 705 prae-

308 731 434 810 missae,
468 730 575 796 tribus
605 735 681 811 post
716 730 779 796 duo
810 731 864 796 vel
894 731 1061 812 complura
1096 733 1198 797 verba
1227 731 1370 813 positam
1401 749 1482 796 esse.

307 838 406 903 Velut
429 842 582 918 posteat
606 834 656 902 his
679 835 787 902 tribus
811 837 892 902 locis
914 837 1053 920 legitur:

398 945 486 1025 17,7
516 947 569 1009 καί
593 949 629 1029 νὴ
654 942 699 1010 Δί
728 946 765 1010 ἐκ
789 956 842 1010 τοῦ
866 949 921 1022 τὰς
945 947 1186 1032 ὀλοφύρσεις-
1206 947 1481 1031 προσαποδιδόναι,

308 1052 395 1128 60,4
413 1056 466 1117 καί
486 1057 522 1137 νὴ
542 1052 600 1117 Δία
619 1053 756 1137 φθόγγοι
775 1054 966 1137 κιθάρας-
978 1055 1127 1138 ἐπάγουσι
1147 1055 1351 1130 πολλάκις-
1366 1053 1482 1138 θέλγη-

307 1182 395 1244 τρον,
420 1159 473 1239 67,
500 1158 541 1221 18
565 1161 618 1222 καί
643 1162 678 1243 νὴ
703 1158 760 1223 Δία
783 1163 859 1243 πρὸς
882 1161 981 1244 τούτῳ
1004 1163 1043 1224 τὰ
1067 1171 1258 1245 φρουροῦντα
1282 1165 1333 1225 τὸν
1350 1171 1402 1225 νῦν
1419 1160 1483 1244 βίον

307 1283 373 1344 eqs,
396 1268 482 1330 ταυτί
505 1266 606 1350 πάθη.

395 1369 454 1434 Bis
478 1373 554 1450 post
578 1374 630 1435 ιιαί
650 1374 693 1435 ἔτι
712 1369 896 1436 invenitur:
923 1371 975 1453 38,
998 1373 1110 1438 14παί
1130 1375 1210 1438 πολὺ
1229 1377 1264 1438 τύ
1280 1376 1482 1458 ἀγωνιστικὸν

307 1480 344 1543 ἐκ
367 1488 420 1542 τοῦ
445 1477 656 1563 ύπερβιβάζειν
683 1480 737 1542 καί
765 1481 809 1543 ἔτι
833 1484 869 1564 νὴ
893 1481 951 1544 Δία
974 1485 1009 1545 τὸ
1033 1481 1065 1559 ἐξ
1089 1482 1226 1565 ύπογύου
1250 1481 1351 1565 λέγειν
1374 1502 1483 1565 συνεμ-

307 1585 433 1669 φαίνων.
463 1581 515 1662 50,
527 1583 570 1646 24
591 1584 629 1669 ἆῤ
651 1588 708 1648 οὐκ
724 1585 808 1663 ἄξιόν
824 1587 888 1650 ἐστι
905 1589 1088 1671 διαπορῆσαι
1104 1588 1234 1670 πύτερύν
1250 1609 1325 1651 ποτε
1337 1623 1381 1630 -
1392 1588 1412 1671 ἢ
1424 1609 1481 1667 -;

307 1694 359 1756 καί
390 1694 434 1756 ἔτι
464 1695 500 1775 νὴ
531 1691 589 1755 Δία
619 1693 748 1777 πότερόν
776 1715 909 1757 ποτε-
923 1695 943 1776 ἢ
958 1715 1015 1774 —3
1044 1693 1084 1755 Iu
1113 1691 1269 1771 exemplis
1298 1690 1483 1756 sententiae

306 1795 525 1861 illustrandae
544 1800 578 1860 et
596 1796 776 1863 firmandae
797 1815 897 1862 causa
913 1797 1035 1862 adlatis
1050 1797 1101 1862 his
1117 1799 1244 1864 duobus
1260 1797 1341 1863 locis
1358 1802 1481 1864 exstat:

307 1904 359 1984 31,
385 1903 406 1967 4
430 1906 471 1982 ὡς
495 1908 531 1989 νὴ
556 1905 613 1968 Δία
636 1907 689 1969 καί
713 1903 1128 1991 ὁὟπερίδης-εἶπεν-;
1154 1904 1207 1982 30,
1234 1904 1275 1969 15
1300 1907 1341 1984 ὡς
1364 1908 1423 1992 ἤδη
1447 1911 1482 1990 νὴ
1611 1907 1612 1914 ¹

307 2012 365 2075 Δία
387 2014 440 2075 καί
465 2012 492 2074 οἱ
516 2008 594 2074 καθ’
612 2012 693 2096 ἡμᾶς
716 2013 808 2077 δεινοί
832 2014 958 2097 ῥήτορες
983 2013 1148 2098 βλέπουσιν
1174 2011 1323 2098 Ἐρινύας.
1363 2011 1483 2096 Poste

307 2115 542 2189 disiunctivum
558 2115 729 2181 invenitur
748 2116 800 2196 52,
815 2119 851 2182 6:
878 2121 910 2184 ἐν
929 2121 1085 2204 τραγῳδίᾳ
1105 2117 1234 2204 [μᾶλλον
1255 2123 1292 2185 ἂν
1311 2117 1398 2203 εἶναι]
1410 2114 1483 2184 Ἴων

307 2225 323 2287 ὁ
346 2224 424 2301 Χῖος
448 2221 542 2307 [ἕλοιο
566 2220 614 2307 ἄν]
638 2225 658 2307 ἢ
682 2228 718 2308 νὴ
743 2224 800 2288 Δία
823 2225 1003 2310 Σοφοκλῆς,
1028 2228 1062 2288 et
1085 2225 1183 2304 paulo
1208 2224 1306 2289 aliter
1325 2225 1358 2289 in
1379 2223 1483 2305 philo-

307 2327 402 2408 sophi
421 2347 515 2408 quem
535 2327 679 2408 scriptor
697 2328 884 2408 loquentem
903 2329 1031 2395 inducit
1049 2329 1160 2396 verbis
1181 2331 1233 2411 66,
1256 2332 1313 2395 14;
1340 2330 1483 2417 Ετοσαύτη

307 2437 409 2522 λύγων
424 2437 559 2521 κοσμιιιή
576 2459 620 2513 τις
640 2437 744 2522 ἐπέχει
759 2441 812 2502 τὸν
829 2438 893 2522 βίον
909 2439 1031 2523 ἀπορία.
1056 2440 1076 2522 ἢ
1092 2443 1128 2523 νὴ
1146 2437 1191 2504 Δί’
1203 2437 1211 2459 ’
1221 2443 1281 2524 ἔφη
1297 2437 1483 2505 πιστευτέον

306 2553 350 2628 τῷ
374 2543 577 2629 θρυλουμὲνῳ
607 2541 658 2621 ὡς’
686 2561 752 2622 cqs
798 2543 860 2608 His
889 2562 1005 2609 novem
1033 2543 1113 2608 locis
1141 2549 1211 2609 tres
1238 2545 1311 2610 illos
1336 2545 1484 2610 addimus

308 2648 425 2727 quibus
450 2654 486 2733 νὴ
510 2650 567 2714 Δία
592 2646 734 2713 formula
758 2649 932 2714 sententiis
955 2650 1091 2716 inmissa
1115 2656 1175 2716 est.
1222 2652 1274 2733 63,
1302 2654 1342 2716 19
1366 2658 1433 2719 τινα
1451 2656 1485 2719 δὲ
1611 2645 1612 2654 ’

309 2761 350 2840 νὴι
364 2756 422 2820 Δία
441 2757 575 2840 περιέχει
594 2767 648 2840 τῆς
667 2758 742 2841 ύλης
761 2757 945 2842 ἀδοξότερα;
970 2757 1022 2837 23,
1042 2758 1083 2820 14
1104 2760 1146 2837 ὡς
1165 2763 1253 2824 οὐδὲν
1271 2763 1388 2827 τούτων
1407 2758 1484 2826 καθ’
1611 2839 1612 2848 2

308 2865 383 2926 αὑτὸ
411 2862 540 2947 συσταίη
565 2865 659 2948 χωρίς
682 2865 779 2947 ύψους
806 2865 923 2930 τέλειον
951 2866 1032 2950 πλὴν
1056 2867 1082 2929 εἰ
1107 2871 1147 2951 μὴ
1173 2869 1205 2931 έν
1229 2869 1340 2944 οἴκτοις
1364 2871 1424 2952 ἄρα
1447 2871 1483 2951 νὴ

308 2968 365 3032 Δία
388 2971 408 3053 ἢ
432 2970 465 3033 ἐν
487 2970 684 3054 εὐτελισμοῖς.
732 2968 785 3048 26,
812 2970 852 3033 17
877 2973 903 3034 εἰ
927 2975 967 3056 μὴ
994 2969 1150 3057 [Πλάτων]
1176 2976 1243 3057 περί
1267 2974 1425 3058 πρωτείων
1448 2979 1484 3058 νὴ

308 3075 366 3139 Δία
387 3078 478 3140 παντί
502 3077 596 3161 θυμῷ
620 3080 695 3161 πρὸς
718 3074 1136 3162 Ὅμηρον-διηριστεύετο.

398 3180 735 3245 Praeteritionis
765 3180 800 3245 iu
830 3181 894 3247 illis
925 3182 1165 3248 sententiarum
1195 3183 1309 3266 figuris
1341 3184 1485 3264 quaein

309 3286 543 3369 grammaticae
569 3286 696 3353 formae
721 3288 904 3353 mutatione
928 3288 1058 3369 positae
1078 3295 1155 3354 suut
1179 3293 1402 3356 numerandae
1421 3293 1484 3356 duo

309 3394 457 3475 exempla
476 3392 635 3460 adferam.
671 3394 722 3459 hc
741 3394 879 3476 primum
899 3395 1074 3476 quidemr,
1093 3396 1135 3460 20
1155 3402 1282 3462 exstat:
1307 3400 1336 3464 τί
1354 3402 1402 3464 δεῖ
1417 3403 1484 3484 περὶ

309 3501 438 3586 Τιμαίου
454 3503 566 3587 λέγειν,
587 3507 664 3569 ὅπου
679 3527 716 3589 γε
731 3506 784 3568 καί
801 3504 829 3567 οἱ
843 3507 943 3588 ἥρωες
959 3505 1123 3570 ἐκεῖνοι-
1135 3508 1210 3570 ποτὲ
1229 3507 1348 3572 ἑαυτῶν
1363 3508 1484 3572 ἐπιλαν-

231 3669 234 3676 .
309 3609 467 3674 edoceat.
501 3606 594 3690 Quae
613 3607 806 3688 praeteritio
825 3626 1022 3688 quamquam
1041 3610 1083 3673 ab
1103 3608 1176 3674 aliis
1196 3609 1353 3676 eiusmodi
1371 3610 1484 3693 figuris

309 3712 441 3794 paulum
458 3711 576 3794 differt,
594 3733 666 3779 cum
682 3715 879 3780 auctoriam
895 3715 991 3795 plura
1007 3715 1047 3780 de
1063 3715 1197 3781 Timaeo
1214 3717 1342 3798 dixerit,
1364 3722 1484 3795 tamen,
1611 3711 1612 3740 ³

310 3838 381 3884 cum
397 3818 437 3883 iis
450 3819 560 3886 verbis
577 3822 618 3886 ad
631 3821 885 3902 Xenophontem
901 3825 1063 3900 transeat,
1076 3821 1110 3886 iu
1126 3822 1166 3888 iis
1183 3823 1348 3889 numerari
1364 3829 1483 3906 potest.

308 3925 450 4006 Propius
466 3927 510 3991 ad
525 3925 683 3998 usitatam
700 3925 839 3992 formam
854 3927 962 4011 figura
978 3947 1062 4008 quae
1079 3928 1131 4005 56,
1154 3930 1195 3993 16
1211 3930 1333 4014 legitur
1349 3930 1485 3997 accedit.

309 4031 360 4096 Ibi
384 4031 469 4096 enim
492 4038 610 4097 auctor
632 4051 692 4114 per
715 4033 855 4113 speciem
880 4033 1127 4115 praeteritionis
1147 4054 1187 4101 ea
1210 4036 1283 4118 ipsa
1307 4057 1392 4118 quae
1411 4057 1431 4102 a
1451 4056 1486 4102 se

309 4137 485 4218 praeteriri
504 4138 584 4204 dicit
604 4137 732 4205 adfert:
762 4141 790 4206 τί
808 4147 867 4228 χρὴ
887 4147 963 4227 πρὸς
981 4145 1099 4220 τούτοις
1118 4147 1161 4208 ἔτι
1180 4145 1281 4230 λέγειν
1300 4147 1342 4224 ὡς
1362 4163 1427 4225 eqs.
1443 4182 1486 4190 -

398 4245 471 4327 Age
486 4264 583 4328 nuuc,
597 4245 634 4312 si
650 4246 769 4328 placet,
796 4247 835 4312 de
858 4248 1247 4331 interrogationibus
1271 4270 1356 4331 quae
1374 4253 1486 4316 rheto-

308 4349 398 4415 ricae
421 4357 585 4418 vocantur
601 4357 635 4418 et
651 4354 763 4419 eodem
779 4355 874 4418 modo
895 4373 959 4434 quo
979 4355 1234 4422 exclamationes
1253 4357 1487 4422 inmutatione
