3268 5002
699 399 920 461 ,31-

265 592 309 656 H.
336 590 529 656 Sententiae
552 590 729 672 primariae
754 593 806 669 54,
827 593 867 656 13
885 631 927 638 -
944 592 996 668 55,
1014 594 1051 672 3;

312 717 340 762 a.
364 698 604 767 Demosthenes
621 703 773 763 oratores
791 698 932 764 omnium
949 704 1096 764 aetatum
1120 699 1215 780 quasi
1239 701 1402 766 attonitos

364 803 473 868 reddit
497 811 530 868 et
555 803 690 869 fulmine
710 805 928 888 praestringit
952 806 1004 886 54,
1025 807 1250 885 13-55,1;
1277 809 1313 889 2;

311 912 340 975 b.
365 910 434 975 eius
451 909 640 976 adfectibus
657 911 768 977 oculos
785 913 958 977 obvertere
974 912 1091 992 nequis
1111 913 1354 992 55,1-55,3;
1374 917 1402 980 2.

366 1013 995 1106 2312522122,1111913122.

275 1159 352 1240 Cap.
370 1159 532 1240 XXXIX,
559 1161 576 1224 1
603 1163 680 1226 112.
705 1161 760 1226 De
784 1162 921 1242 qulnto
946 1161 1205 1228 sublimitatis
1230 1163 1352 1230 fonte.

150 1278 152 1282 ’
208 1271 241 1366 ξ
267 1286 294 1349 1.
318 1283 514 1365 propositio:
548 1284 815 1366 compositionem
843 1288 1018 1352 verborum
1046 1286 1241 1352 sublimitati
1270 1289 1402 1354 mirifice

318 1390 493 1456 Inservne:
521 1393 549 1472 1,
568 1393 606 1472 2;

222 1498 240 1580 ξ
265 1498 293 1562 2.
318 1497 492 1578 expositio:

267 1604 304 1667 A.
329 1603 457 1668 Γ,1111111111
485 1604 540 1684 qui
570 1605 706 1670 audlant
737 1609 778 1670 ad
809 1625 975 1673 numerum
1005 1608 1054 1672 ire
1084 1614 1117 1672 et
1141 1615 1272 1674 cantum
1288 1629 1403 1692 gressu

186 1696 193 1712 '
327 1711 450 1776 imitari
475 1711 557 1793 cogi:
584 1714 669 1794 1,2;
744 1750 749 1758 ·

267 1819 303 1882 B.
328 1817 481 1882 Citharae
514 1818 599 1883 sonis
632 1819 795 1904 (quamvis
825 1840 888 1885 non
917 1823 1068 1886 naturale
1101 1822 1262 1887 hominum
1286 1843 1401 1888 munus

329 1925 408 2009 siut)
434 1945 486 1989 eos
510 1926 564 2006 qui
589 1927 725 1992 audiant
748 1926 863 1991 mirum
887 1926 921 1991 in
944 1931 1071 1992 modurn
1095 1929 1264 1994 delectari:
1290 1932 1318 2012 2,
1335 1931 1368 2010 2;

267 2033 299 2097 O.
328 2033 417 2114 Ergo
442 2033 668 2114 compositione
693 2035 866 2100 verborum
890 2035 1005 2114 quibus
1035 2055 1124 2100 mens
1147 2036 1219 2118 ipsa
1242 2043 1401 2119 tangatur

224 2138 304 2203 mire
328 2139 450 2204 animos
475 2146 600 2205 nostros
624 2142 798 2206 delectari:
823 2143 852 2226 4,
878 2144 949 2225 1,1.
1050 2155 1052 2160 ·

314 2243 676 2333 1,2Ι1,212,214,2.

492 2373 597 2453 Caput
620 2374 690 2438 XL.
736 2374 786 2438 De
810 2375 950 2456 periodis
974 2375 1133 2440 oratoriis.

313 2478 504 2560 Compositio
528 2481 743 2544 membrorum
767 2480 910 2545 oratoria
934 2501 1005 2546 cum
1029 2500 1162 2562 corpore
1186 2500 1226 2545 en
1254 2482 1400 2562 pluribus

225 2584 373 2666 partibus
398 2585 565 2650 coniuncto
590 2592 623 2650 et
647 2606 718 2651 curn
742 2589 915 2652 multorum
938 2588 972 2652 in
996 2608 1092 2653 unam
1112 2607 1267 2653 summam
1287 2591 1399 2654 collec-

181 2671 187 2684 '
223 2691 311 2756 tione
335 2699 553 2774 comparatur:
577 2695 597 2758 3
622 2695 713 2759 326
738 2694 770 2779 (ξ
796 2694 829 2780 1)

311 2801 431 2864 Multos
454 2805 566 2881 poetas
590 2801 735 2883 aliosque
759 2802 933 2884 scriptores
952 2802 1100 2882 quamvis
1119 2804 1309 2884 plerumque
1328 2804 1398 2869 vul-

223 2905 297 2987 gari
320 2907 466 2971 oratione
490 2907 539 2973 usi
562 2908 636 2992 sint,
666 2911 735 2974 sola
765 2909 991 2990 compositione
1019 2929 1189 2975 numerosa
1218 2910 1398 2975 sublimita-

203 3018 288 3076 -tem
313 3016 481 3079 adsecutos
505 3034 582 3080 esse.
608 3017 627 3080 2
652 3017 671 3080 3
699 3018 715 3079 1
744 3017 838 3079 1;6
863 3016 895 3099 (ξ
920 3017 953 3101 2)

565 3141 671 3221 Caput
694 3141 804 3222 XXII,
831 3142 847 3204 1
873 3181 917 3187 -
940 3143 1060 3228 τέχνην.

313 3243 714 3332 1113311122

623 3372 697 3452 Cap.
722 3373 883 3454 XXXIII,
908 3373 995 3435 2—5

312 3473 1032 3566 1,211,211,213,312,113,1Ι2,211.

633 3605 708 3684 Cap.
732 3605 872 3685 XXXV,
897 3605 984 3668 2-5

310 3706 833 3798 211,2Ι2,312,112,2Ι12.

474 3836 549 3916 Cap.
574 3836 692 3917 XLIV,
718 3837 737 3899 6
757 3838 860 3921 ῥᾴδιον
884 3875 928 3881 -
953 3836 992 3897 11
1019 3837 1169 3920 ὠφελείας

309 3938 444 4027 41412,
466 3939 1169 4028 2,2,313,2,2,2Ι3,2,2,3122122.

307 4120 377 4183 Iam
406 4139 477 4184 curn
506 4122 547 4183 ad
574 4120 670 4184 finem
703 4119 941 4184 dissertationis
968 4118 1221 4201 pervenerimus,
1253 4137 1317 4182 una
1346 4135 1397 4180 res

217 4231 366 4307 superest
389 4230 571 4291 tractanda.
607 4226 765 4310 Quoniam
784 4226 868 4291 enirn
882 4225 1190 4308 Pseudo-Longinus
1206 4224 1276 4306 ipse
1289 4223 1397 4304 capite

217 4332 378 4397 XXXIII.
404 4333 511 4398 docuit
539 4333 609 4398 fieri
637 4353 701 4398 non
729 4353 822 4414 posse
850 4333 928 4413 quin
951 4333 1130 4398 sublimis
1159 4331 1330 4412 scriptor
1357 4329 1397 4393 in

216 4438 353 4520 parvis
369 4459 599 4521 saepenumero
613 4442 830 4523 laberetur,
845 4442 904 4505 hoc
919 4440 1023 4522 ipsum
1038 4458 1163 4520 quoque
1179 4443 1339 4518 quatenus
1354 4439 1396 4501 ad
