3268 5002
799 240 1090 332 -ss-'

323 462 513 528 exhibemus
544 461 661 543 quibus
692 464 779 527 solus
809 461 1118 545 Pseudo-Longinus
1148 461 1280 527 videtur
1303 478 1382 525 usus
1407 477 1495 536 asse;

322 569 373 634 his
397 588 504 650 panea
528 569 676 634 addimus
700 589 784 649 quae
809 575 867 635 aut
896 588 935 634 ea
964 568 1205 652 significatione
1234 572 1293 631 aut
1323 585 1362 630 ea
1391 565 1496 631 forma

323 696 388 755 qua
419 676 507 756 apud
534 675 869 758 Pseudo-Longinum
897 675 1062 758 leguntur,
1095 674 1178 739 alias
1208 692 1274 738 non
1304 672 1497 739 invenimus.

323 783 406 847 Tum
429 801 567 864 magnus
591 801 746 848 numerus
765 801 877 847 eorum
897 781 1047 862 sequitur
1065 780 1183 861 quibus
1200 799 1266 845 non
1285 778 1379 844 multi
1395 778 1497 860 sarip-

322 895 413 954 tores
449 895 583 969 praeter
616 907 814 970 anonymum
844 886 896 954 nsi
927 894 1013 954 sunt.
1070 887 1150 952 Cum
1182 891 1292 952 autem
1324 885 1427 951 multa
1457 905 1499 950 ex

322 994 363 1060 iis
401 995 571 1062 vocabulis
610 995 711 1059 etiam
750 997 837 1076 apud
875 996 1048 1059 Platonem
1091 999 1149 1059 aut
1187 992 1402 1058 Plutarchum
1440 1000 1497 1058 aut

322 1101 496 1183 Polybium
523 1100 745 1181 inveniantur,
779 1103 821 1166 ad
851 1099 884 1165 id
913 1101 1164 1183 significandum
1186 1100 1248 1164 Pla
1272 1104 1331 1165 aut
1354 1099 1416 1164 Plu
1441 1105 1498 1164 aut

323 1210 370 1273 Po
403 1208 498 1272 iuxta
531 1208 694 1273 vocabula
726 1207 902 1288 posuimus,
949 1207 1069 1273 Totum
1102 1226 1272 1273 numerum
1304 1205 1352 1271 ita
1386 1205 1497 1271 divisi-

321 1333 404 1396 muS,
424 1321 461 1380 ut
478 1313 648 1380 vocabulis
665 1313 865 1394 simplicibus
882 1313 1063 1395 composita
1085 1333 1322 1394 opponeremus
1339 1316 1373 1378 et
1391 1313 1448 1376 illa
1464 1312 1498 1376 iu

322 1422 433 1501 verba,
452 1420 673 1501 substantiva,
691 1420 855 1486 adiectiva
875 1421 1147 1500 discerneremus
1168 1422 1249 1486 haec
1268 1420 1316 1485 ita
1336 1419 1498 1501 disposui-

321 1545 393 1592 mus
417 1533 454 1591 ut
470 1526 574 1607 primo
591 1526 662 1592 loco
678 1528 840 1593 voeabula
856 1527 974 1607 quibus
991 1529 1089 1594 u-vel
1113 1526 1379 1608 acu-privativum
1402 1545 1497 1607 prae-

322 1633 420 1698 fixum
440 1640 491 1698 est
508 1632 750 1714 collocaremus,
776 1632 894 1699 deinde
918 1652 957 1698 ea
980 1634 1097 1714 quibus
1122 1654 1188 1699 una
1212 1639 1270 1698 aut
1294 1635 1378 1699 duae
1402 1652 1498 1715 prae-

322 1739 503 1820 positiones
519 1742 730 1821 anteoednnt‚
757 1740 855 1804 tertio
879 1741 950 1804 loeo
975 1759 1014 1805 ea
1030 1760 1114 1821 quae
1130 1760 1171 1805 ex
1187 1741 1313 1806 duobus
1329 1740 1499 1807 vocabulis

322 1846 621 1928 praepositionibus
639 1846 786 1928 exceptis
803 1847 984 1926 composita
1000 1853 1091 1926 sunt;
1110 1847 1257 1913 omuibus
1274 1853 1384 1913 autem
1400 1865 1498 1913 vooa-

321 1953 400 2019 bula
423 1958 483 2018 aut
506 1952 613 2018 forma
632 1959 690 2018 aut
710 1952 876 2018 sententia
895 1959 954 2018 aut
974 1952 1081 2018 forma
1100 1960 1134 2019 et
1154 1953 1320 2020 sententia
1339 1972 1498 2019 memora-

322 2059 400 2124 bilia
424 2060 647 2124 adnexuimus.

666 2183 803 2261 Index
830 2184 1154 2261 voeabulorum.

420 2309 459 2374 A.
484 2308 646 2374 vocabula
670 2308 787 2389 quibus
955 2309 981 2361 3.
1001 2311 1110 2375 ὰπακμή
1129 2309 1154 2373 9,
1175 2310 1208 2362 14

321 2414 642 2497 Pseudo-Longinus
653 2414 741 2480 solus
752 2415 883 2480 videtur
956 2398 980 2450 4.
1001 2399 1168 2464 ll⁰lll²⁶l⁰⁶
1187 2400 1230 2462 4οι
1250 2399 1266 2450 4

511 2540 590 2586 usus
614 2540 695 2587 esse·
955 2487 980 2540 5.
1000 2488 1132 2539 humabatur
1150 2487 1193 2552 38,
1212 2487 1229 2541 3
1299 2496 1304 2504 '

955 2575 980 2630 6.
1000 2579 1133 2642 ἑξέρεισμα
1152 2575 1195 2640 40,
1215 2577 1231 2628 4

955 2667 981 2718 7.
999 2668 1170 2730 ἐποικονομῑα
1190 2665 1231 2728 11,
1250 2666 1267 2718 2

955 2753 979 2807 8.
1000 2755 1113 2805 obatrato
1131 2754 1174 2817 30,
1195 2756 1208 2807 1

535 2654 551 2707 Ι.
576 2654 674 2708 verba:

340 2745 364 2798 1.
385 2748 530 2811 ἀντανοίγω
549 2743 592 2806 34,
612 2742 657 2810 4¹)

339 2834 364 2886 2.
385 2836 581 2898 ὰντισυμμαχέω
601 2832 643 2895 17,
665 2833 676 2884 1

340 2922 365 2974 3.
386 2923 600 2988 διακληρονομέω
622 2921 663 2983 12,
682 2920 699 2971 4

339 3012 363 3063 4.
384 3012 577 3075 διαριστεὺομαι
597 3009 638 3073 13,
658 3011 674 3061 4

339 3100 363 3153 5.
384 3102 559 3164 δυσδαιμονέω
578 3099 604 3162 9,
623 3099 639 3150 7

338 3188 363 3242 6.
383 3192 545 3256 καταφὲγγω
563 3187 606 3251 34,
625 3187 642 3240 4

340 3279 365 3331 7.
383 3279 608 3343 προεμφανῑςομαι
628 3277 669 3340 17,
689 3276 706 3329 3

339 3367 364 3422 8.
383 3367 609 3433 προσιπιθιάομαι
627 3363 671 3429 30,
691 3366 708 3418 1

339 3457 364 3510 9.
383 3457 629 3522 προσπεριορῑζομαι
648 3451 690 3517 28,
710 3454 727 3506 3

322 3546 364 3600 10.
384 3547 529 3610 συνεμπνὲω
548 3544 573 3607 9,
594 3545 625 3595 11

322 3634 364 3688 ll.
384 3635 542 3698 μικροποιὲω
562 3631 604 3694 41,
625 3631 639 3684 1

322 3723 364 3775 12.
383 3725 537 3788 συομορφέω
555 3720 581 3785 9,
602 3721 635 3773 14

322 3812 364 3865 13.
383 3813 562 3877 φορταγωγέω
580 3810 624 3873 43,
643 3811 660 3862 4

477 3925 505 3980 ΙΙ.
530 3925 723 3982 substantiva:

340 4015 363 4068 1.
384 4017 487 4081 ἀναχοή
506 4015 549 4077 35,
569 4015 585 4067 4

339 4105 364 4156 2.
384 4106 525 4170 ἀπαὺξησις
544 4104 569 4168 7,
588 4104 605 4157 3

955 2844 980 2896 9.
999 2846 1138 2908 ὀνομάτων
1152 2844 1195 2907 43,
1215 2845 1231 2896 2

938 2931 980 2984 10.
999 2936 1145 2998 τοπηγορὶα
1165 2933 1206 2996 11,
1225 2934 1242 2985 2

1110 3038 1147 3091 ΙΙΙ.
1172 3038 1322 3094 adleellva:

956 3128 980 3179 1.
1001 3129 1179 3193 ἁδρεπήβολος
1198 3128 1222 3190 8,
1244 3128 1257 3180 1

955 3216 979 3268 2.
1000 3219 1136 3282 ἀπόψυχος
1156 3218 1197 3280 15,
1216 3216 1234 3270 8

955 3304 979 3356 3.
1000 3306 1133 3371 ἑναλήθης
1153 3305 1194 3369 15,
1214 3303 1231 3357 8

954 3393 980 3447 4.
1000 3395 1188 3459 εὐπάλαιστρος
1207 3395 1251 3458 34,
1270 3396 1287 3448 2

955 3483 979 3534 5.
998 3486 1187 3546 καινόσπουδος
1205 3485 1222 3537 5

956 3571 980 3624 6.
1000 3573 1170 3637 κατάρυθμος
1189 3573 1232 3635 41,
1252 3573 1266 3625 1

939 3661 980 3712 9.
1000 3664 1229 3727 κατασημαντικὸς
1248 3662 1291 3725 32,
1311 3663 1328 3715 5

956 3747 980 3802 8.
1001 3751 1176 3815 μεγεθοποιός
1195 3750 1238 3813 39,
1258 3751 1274 3801 4

955 3838 980 3891 9.
999 3842 1151 3903 μικροποιός
1169 3839 1212 3902 43,
1232 3839 1249 3892 6

937 3925 979 3979 10.
998 3931 1140 3994 ποκοειδής
1160 3928 1201 3992 15,
1221 3929 1238 3981 5

939 4017 978 4068 11.
998 4018 1159 4083 ὑψηλοποιὸς
1178 4017 1221 4081 28,
1242 4018 1255 4071 1

937 4106 978 4158 12.
998 4107 1169 4173 ὑψηλοφανής
1187 4105 1230 4170 24,
1250 4107 1264 4159 1

410 4226 433 4295 ¹)
453 4228 485 4280 ln
504 4227 555 4281 hae
573 4228 766 4283 vocabulorum
780 4228 983 4283 enumeratione
998 4227 1100 4283 talibus
1115 4244 1289 4283 numerorum
1304 4227 1391 4297 signis
1404 4228 1498 4296 capita

319 4324 350 4371 et
368 4316 534 4386 paragraphi
552 4316 717 4403 indicantur.
