3268 5002
684 333 904 398 ,55-

211 533 251 595 ad
276 529 510 596 sententiarum
534 531 679 594 membra
703 533 876 612 spectaret,
896 530 979 593 bene
996 546 1066 591 cnm
1083 527 1296 590 antecedente
1311 541 1381 588 sen·

210 637 315 702 tentia
339 637 596 720 comengeretm.
638 639 701 701 Sed
724 656 794 700 cum
816 633 995 701 enuntiatio
1020 652 1102 713 quae
1126 632 1280 712 sequitur,
1301 650 1383 711 quae

209 763 295 810 nova
318 749 416 825 atque
440 764 479 808 ea
502 743 659 825 primaria
682 744 832 807 habenda
856 747 949 824 esset,
969 744 1008 805 cle
1028 739 1263 804 sententiarum
1286 756 1382 802 mem-

210 851 278 914 hris
302 852 464 932 loquatur,
489 850 547 915 illa
570 851 673 916 verba
696 868 760 914 non
782 852 823 914 ad
839 848 1030 929 sententiae,
1050 848 1106 910 sed
1125 844 1268 926 corporis
1286 863 1383 908 mem-

209 959 270 1022 bra
295 958 468 1022 referenda
487 963 569 1022 sunt.
617 958 698 1021 Tum
718 975 795 1023 vero
814 974 877 1020 non
893 974 978 1021 nova
997 952 1160 1018 sententia
1181 970 1249 1015 esse
1268 957 1383 1032 potest,

210 1067 265 1128 sed
290 1064 437 1146 apollosis
462 1071 495 1128 et
518 1067 560 1128 acl
583 1066 731 1150 καθάπερ
759 1064 932 1127 referenda
961 1067 1017 1125 est.
1065 1060 1156 1143 Quae
1189 1058 1216 1122 si
1247 1057 1296 1122 ita
1329 1076 1383 1120 ex·

210 1171 382 1254 plicantur,
406 1190 524 1253 magna
549 1169 723 1235 difficultas
747 1170 885 1247 exsistit,
903 1171 986 1250 quod
1009 1167 1043 1231 in
1073 1165 1304 1248 enuntiatione,
1333 1163 1383 1229 cni

210 1285 290 1344 οὕτω
315 1278 526 1360 praemissum
557 1283 614 1359 est,
643 1296 761 1342 novum
790 1279 925 1344 verbum
953 1275 1079 1339 finitum
1106 1273 1274 1340 invenitur
1301 1273 1385 1351 quod

210 1371 281 1466 post
306 1371 507 1472 μεγεθοποιὲῖ
532 1403 596 1449 non
624 1384 723 1450 etiarn
753 1384 965 1448 desideratur.
1013 1383 1124 1462 Neque
1149 1400 1187 1445 ea
1211 1379 1384 1444 difficultas

210 1489 272 1556 nisi
292 1510 352 1573 per
371 1491 610 1557 anacoluthiam
631 1491 762 1558 videtur
783 1489 938 1571 explicari
955 1489 1089 1574 posse1).
1120 1487 1228 1552 Aliter
1246 1505 1298 1550 res
1315 1473 1385 1550 cum

212 1598 453 1680 comparatione
469 1618 552 1678 (puae
569 1600 620 1682 25,
631 1601 673 1663 26
689 1598 804 1680 incipit
820 1617 854 1661 se
873 1589 980 1662 habet.
1005 1596 1055 1660 lbi
1072 1594 1208 1677 simplici
1221 1611 1385 1674 compara-

211 1705 309 1770 tionis
331 1706 436 1770 forma
460 1706 579 1771 dicitnr
602 1707 719 1770 multos
743 1710 888 1770 oratores
912 1704 1089 1768 alienorum
1116 1721 1193 1783 quos
1216 1701 1386 1765 imitentur

212 1812 329 1894 spiritu
353 1815 463 1876 eodem
486 1815 577 1876 modo
601 1831 663 1893 quo
686 1812 840 1894 Pythiam
864 1811 974 1877 (livino
1001 1811 1088 1875 t'umo
1107 1808 1287 1890 gravidam
1316 1806 1384 1888 agi·

213 1918 289 1984 tari:
332 1939 525 1999 quamquam
558 1919 592 1982 in
625 1919 865 2001 comparatione
897 1938 955 1999 pro
983 1956 1027 1962 -
1055 1923 1151 1994 οὕτως
1179 1954 1223 1960 -
1251 1917 1292 1994 ὡς
1320 1914 1384 1978 ior-

213 2027 330 2091 mnlam
355 2044 446 2106 ¹quae
478 2025 562 2089 idem
595 2025 758 2107 significat
789 2031 841 2092 τὸν
870 2030 962 2091 αὐτὸν
989 2015 1102 2110 τρόπον
1131 2027 1164 2090 ὃν
1197 2021 1385 2088 invenimus.

218 2133 274 2196 Sed
303 2152 374 2197 cum
404 2139 517 2197 auctor
544 2133 701 2214 protasim
734 2136 775 2197 ad
804 2152 900 2213 quam
929 2131 1171 2213 exprimendam
1199 2135 1248 2194 tot
1276 2127 1386 2195 verbis

216 2258 291 2320 opus
309 2259 373 2304 non
394 2246 474 2322 erat,
494 2239 604 2304 mantis
624 2240 734 2307 verbis
753 2243 793 2304 ad
814 2238 968 2321 Pythiam
991 2238 1135 2318 illudque
1154 2242 1284 2302 antrum
1303 2238 1387 2317 quod

214 2346 357 2412 divinum
394 2346 544 2428 spiritum
585 2349 719 2412 exhalat
758 2345 982 2428 spectantibus
1022 2345 1120 2410 etiam
1155 2343 1386 2426 exornavisset,

214 2453 332 2518 oblitus
356 2460 414 2536 est,
439 2459 476 2518 ut
494 2453 543 2518 ita
562 2453 676 2535 (licam,
700 2473 734 2518 se
759 2453 921 2534 apodosim
940 2452 1006 2516 iam
1025 2451 1118 2516 initio
1139 2450 1388 2532 comparationis

214 2561 364 2643 posuisse,
384 2559 496 2641 itaque
512 2567 609 2639 οὕτως
625 2559 847 2624 coniunctione
863 2579 939 2624 usus
955 2577 1013 2640 per
1028 2557 1274 2639 palinclromiam
1291 2556 1387 2621 simili

214 2670 306 2732 mollo
323 2687 385 2748 quo
400 2669 451 2751 ol,
466 2669 506 2731 17
528 2667 690 2749 apodosim
706 2667 824 2750 iterum
841 2666 940 2748 ponit.

303 2774 439 2840 Omnino
471 2774 577 2839 libera
611 2794 689 2841 vero
721 2813 765 2820 —
798 2779 834 2839 ut
862 2773 910 2837 ita
941 2772 1045 2837 dicam
1073 2771 1117 2816 -'
1144 2772 1250 2836 forma
1275 2777 1388 2836 auctor

215 2883 266 2965 34,
296 2883 336 2946 15
363 2883 625 2964 comparationen
650 2880 764 2946 induit.
811 2881 861 2945 Ibi
886 2883 968 2962 quod
993 2883 1034 2944 ad
1054 2879 1248 2944 sententiam
1268 2878 1388 2944 attinet

215 2989 487 3071 comparationem
538 2995 668 3053 exstare
727 3007 818 3054 nemo
868 2987 1012 3070 negabit,
1070 2987 1262 3069 praesertim
1318 3005 1388 3051 cum

215 3096 488 3164 animadverterit
525 3103 602 3161 ante
640 3096 744 3178 ipsum
785 3097 888 3160 locum
931 3095 1051 3158 similes
1088 3093 1267 3159 sententias
1304 3112 1388 3158 com-

215 3203 386 3285 paratione
433 3223 502 3269 esse
550 3223 728 3286 expressas.
797 3204 917 3267 Verum
960 3203 1050 3267 nulla
1097 3201 1259 3283 particula
1305 3203 1388 3265 com-

215 3310 369 3392 parativa
397 3311 569 3395 reperitur,
603 3316 636 3375 et
668 3309 808 3392 protasis
846 3311 923 3391 locu,
956 3327 1039 3388 quoe
1072 3312 1114 3387 ὡς
1146 3308 1308 3389 particula
1340 3307 1388 3371 in-

216 3417 325 3501 cipiat,
341 3436 430 3482 mera
447 3418 627 3483 enuntiatio
644 3416 844 3500 affirmativa
860 3421 977 3497 exstat,
995 3435 1058 3495 qua
1079 3415 1199 3480 dicitur
1218 3415 1252 3478 in
1268 3414 1389 3480 tabulis

215 3526 319 3589 lucem
347 3523 506 3588 coloribus
535 3543 720 3606 expressam
752 3523 842 3605 prius
876 3525 916 3587 ad
944 3522 1106 3587 hominum
1139 3523 1245 3586 oculos
1277 3521 1390 3588 venire

216 3651 312 3713 quam
341 3633 495 3697 umbram.
543 3631 601 3695 oui
635 3628 850 3696 enuntiationi
883 3630 989 3694 altera
1018 3632 1145 3693 adnexa
1178 3634 1236 3711 est,
1265 3648 1328 3708 qua
1356 3627 1390 3692 in

216 3738 416 3803 orationibus
449 3758 574 3820 quoque
601 3739 725 3820 figurae
749 3738 880 3802 adiectu
909 3742 942 3800 et
970 3735 1170 3801 sublimitate
1195 3735 1310 3800 animis
1333 3753 1390 3800 nos

216 3845 293 3910 stm‘s
321 3845 524 3927 propioribus
552 3853 678 3926 semper
705 3845 872 3910 obscurari
900 3845 1060 3925 dicuntur,
1090 3849 1212 3908 utnon
1236 3844 1391 3906 molestae

216 3953 305 4018 fiant.
352 3954 415 4017 Sed
439 3972 510 4018 cum
534 3953 564 4017 ei
583 3953 766 4017 sententiae
786 3958 897 4019 οὐκοῦν
917 3951 1079 4032 particula
1095 3949 1279 4015 conclusiva
1299 3954 1389 4013 ante-

217 4060 323 4140 posita
355 4060 407 4142 sit,
436 4066 539 4125 totum
568 4059 778 4124 conclusionis
805 4061 942 4123 formam
974 4057 1036 4122 sihi
1068 4055 1254 4137 adsumpsit.
1301 4057 1390 4119 idem

218 4170 257 4231 de
285 4169 408 4232 duobus
432 4166 506 4232 aliis
533 4155 611 4232 locis
635 4167 804 4232 dicendum
830 4171 887 4248 est,
921 4185 998 4246 quos
1031 4169 1164 4246 propter
1196 4162 1391 4227 sententiam

308 4309 327 4378 ¹)
346 4307 476 4364 Fortasse
496 4308 570 4362 locus
591 4308 682 4362 sanari
700 4314 791 4375 potest
812 4339 843 4345 -—
864 4307 946 4360 Birtii
958 4305 1134 4374 proponimus
1153 4307 1337 4360 coniecturam
1358 4335 1388 4342 —

218 4398 241 4452 si
261 4399 433 4452 interiectus
452 4406 514 4465 post
532 4403 566 4450 τὰ
584 4401 715 4464 λεγόμενα
735 4397 843 4451 deletur
861 4401 889 4450 et
907 4403 969 4465 post
988 4393 1023 4448 ὧν
1043 4395 1173 4448 inseritur
1192 4398 1284 4461 ὥσπερ.
1388 4410 1389 4414 ’
