3268 5002
770 315 991 379 -5o-

296 529 392 590 quam
416 508 609 590 exprimunt,
632 528 695 575 non
719 514 853 591 propter
875 511 1011 575 formam
1035 511 1147 574 adiero
1171 510 1469 594 (auleticon).

295 616 371 680 Sine
395 615 490 680 dubio
515 634 554 680 ea
578 636 660 697 quae
684 616 735 698 59,
754 617 794 679 18
819 616 971 681 dicuntur
990 618 1072 682 bene
1097 617 1345 698 comparationis
1363 618 1470 682 torma

295 723 344 790 ita
367 722 476 787 induci
500 727 660 804 poterant.
685 729 722 788 ut
746 728 860 787 auctor
883 723 1015 806 diceret,
1040 728 1077 788 ut
1101 743 1209 789 eorum
1233 723 1288 803 qui
1316 723 1470 789 audirent

296 829 394 894 animi
419 829 521 893 tibiae
546 835 579 893 61
603 829 750 894 citharae
774 829 859 894 sonis
879 835 1164 912 commoverentur,
1183 830 1231 894 ita
1250 833 1377 895 eosdem
1396 850 1469 894 ora-

294 936 391 1000 tionis
422 936 563 1001 numeris
591 937 688 1002 ualde
721 937 886 1001 delectari.
933 939 1053 1002 Verum
1084 937 1145 1001 toti
1178 937 1361 1002 sententiae
1394 957 1468 1001 con·

294 1043 444 1108 clusionis
467 1043 603 1108 formam
627 1043 725 1125 dedit,
750 1063 820 1109 cum
845 1045 967 1108 duobus
990 1043 1142 1108 membris
1160 1044 1255 1109 iuxta
1274 1045 1387 1125 positis
1411 1048 1469 1109 ad·
1516 1073 1518 1080 ⁴

293 1149 473 1215 mirabilem
498 1155 531 1214 et
554 1150 656 1214 tibiae
680 1154 714 1213 et
737 1150 883 1214 citharae
907 1150 972 1216 vim
997 1151 1167 1232 descripsit
1190 1151 1292 1232 iisque
1316 1151 1470 1216 membris

295 1258 527 1322 conclusionem
561 1257 695 1324 addidit.
742 1257 912 1322 Geminum
945 1258 1039 1323 huius
1071 1259 1131 1322 loci
1165 1259 1354 1341 exemplum,
1383 1261 1469 1339 quod

293 1367 335 1428 ad
363 1384 430 1428 rem
459 1384 554 1444 quam
582 1364 650 1445 ipse
683 1369 808 1429 tractat
836 1365 964 1446 attinet,
994 1366 1158 1430 Vahlenus
1187 1367 1331 1446 appellat
1363 1367 1469 1431 locum

293 1472 348 1552 qui
372 1472 423 1553 69,
448 1473 468 1535 4
496 1471 612 1552 incipit
640 1471 673 1554 (l.
698 1473 716 1535 l.
742 1492 770 1552 p.
795 1472 887 1552 5.,1.
915 1472 978 1555 14).
1025 1473 1116 1554 Quae
1144 1471 1338 1553 significatio
1367 1472 1468 1536 etiam

293 1585 371 1659 apta
406 1583 463 1661 est.
499 1578 526 1642 si
559 1580 601 1642 ad
634 1598 701 1642 rem
735 1577 827 1642 nobis
860 1581 1066 1643 tractandam
1099 1578 1295 1659 respicimus.
1342 1581 1468 1644 Auctor

294 1685 386 1767 enim,
415 1705 486 1749 oum
515 1685 614 1749 etiam
642 1686 702 1748 hoc
729 1686 797 1748 loco
825 1704 884 1765 per
912 1685 1185 1766 comparationem
1214 1685 1321 1750 dicere
1349 1691 1467 1768 posset,

293 1797 329 1856 ut
352 1792 386 1856 in
409 1792 481 1858 uita
505 1791 662 1857 communi
687 1799 856 1872 corruptus
879 1792 976 1857 iudex
1000 1811 1063 1857 non
1087 1792 1186 1856 etiam
1206 1812 1318 1859 verum
1338 1811 1467 1858 sanum-

292 1919 354 1981 que
372 1899 525 1964 iudicium
544 1900 653 1964 iacere
672 1904 788 1981 posset,
807 1899 856 1963 ita
874 1899 939 1963 illis
955 1897 1154 1981 temporibus
1174 1899 1333 1980 corruptis
1353 1920 1467 1966 verum

292 2006 504 2071 sublimitatis
527 2005 664 2070 iudicem
688 2025 751 2069 non
775 2006 921 2088 reperiri,
946 2006 1195 2088 comparationis
1217 2008 1285 2070 loco
1309 2005 1370 2070 toti
1395 2027 1467 2071 sen·

292 2113 470 2178 tentiarum
494 2113 600 2177 tenori
625 2112 834 2177 conclusionis
857 2115 993 2177 formam
1016 2113 1130 2178 induit.

381 2222 443 2284 Sed
460 2240 531 2284 cum
548 2238 665 2285 verear
680 2239 721 2283 ne
736 2219 862 2300 longius
879 2239 898 2283 a
914 2220 1076 2301 proposito
1093 2222 1249 2303 aberrem,
1268 2221 1333 2285 iam
1352 2220 1386 2285 in
1402 2221 1467 2286 fine

291 2326 385 2391 huius
401 2327 599 2406 quaestionis
615 2330 654 2391 de
667 2326 878 2391 duobuslocis
895 2325 1001 2407 dignis
1013 2326 1068 2407 qui
1078 2327 1137 2391 soli
1147 2332 1333 2393 tractentur
1342 2330 1466 2410 loquar.

293 2435 376 2499 Sunt
388 2440 497 2499 autem
509 2436 558 2516 16,
577 2435 617 2497 18
635 2441 668 2498 61
681 2435 731 2516 28,
743 2434 793 2498 21.
803 2435 863 2498 1116
874 2433 958 2498 enim
967 2436 1036 2498 loco
1049 2440 1163 2499 auctor
1174 2437 1357 2518 Homerum,
1370 2457 1465 2517 quem

292 2545 383 2607 modo
400 2542 573 2624 allegorice
592 2547 726 2608 ventum
745 2543 918 2605 secundum
932 2541 1120 2624 appellauit⁷
1133 2561 1204 2606 cum
1216 2543 1346 2606 furente
1356 2545 1467 2608 Marte

293 2654 326 2712 et
347 2669 417 2713 cum
441 2669 557 2731 magno
580 2648 656 2731 igne
684 2648 739 2729 qui
758 2647 912 2734 montium
933 2647 1033 2714 silvas
1052 2648 1121 2712 edit
1140 2655 1313 2730 comparat.
1354 2651 1466 2732 Neque

292 2775 369 2822 vero
394 2755 666 2836 comparationem
690 2755 756 2820 suis
778 2754 879 2836 ipsius
903 2755 1013 2821 verbis
1032 2745 1136 2838 ornat,
1161 2759 1217 2819 sed
1236 2761 1340 2820 totum
1359 2757 1463 2823 locum

293 2882 333 2927 ex
352 2862 455 2927 Iliade
474 2863 509 2926 in
527 2862 645 2927 librum
665 2881 756 2926 suum
775 2862 943 2943 transfert,
968 2882 1081 2927 rerum
1096 2862 1145 2926 ita
1161 2867 1198 2927 ut
1214 2863 1313 2927 etiam
1330 2864 1464 2930 tertium

292 2989 332 3034 ex
355 2970 459 3034 iliade
483 2989 611 3035 versum
635 2989 691 3034 suo
719 2988 806 3034 more
834 2971 965 3050 paulum
993 2973 1153 3034 mutatum
1181 2972 1282 3034 addat
1310 2989 1371 3051 quo
1399 2973 1465 3036 Η6-

290 3077 389 3141 ctoris
421 3096 455 3140 os
489 3095 640 3157 spumare
673 3076 799 3141 dicitur.
846 3078 971 3157 ltaque
1007 3081 1120 3140 auctor
1152 3078 1327 3141 Homerum
1359 3077 1465 3158 ipsum

288 3183 456 3249 sublimem
484 3183 597 3249 Iliadis
625 3185 651 3248 P
681 3183 745 3248 645
774 3185 877 3248 locum
907 3188 1147 3264 componentem
1176 3189 1213 3248 ut
1241 3185 1381 3248 Martem
1411 3184 1463 3251 vel

286 3296 323 3356 ut
345 3291 453 3373 ignem
478 3293 609 3377 edacem
633 3292 743 3355 iuuere
767 3295 801 3354 et
824 3309 969 3372 spumam
993 3289 1027 3354 in
1051 3309 1106 3354 ore
1125 3291 1247 3354 habere
1271 3290 1358 3355 dicit.
1406 3290 1464 3356 nui

290 3400 357 3463 loco
385 3417 505 3480 magna
532 3397 707 3462 similitudo
736 3417 807 3462 cum
835 3398 886 3480 28,
916 3399 956 3461 21
987 3401 1044 3462 est.
1091 3398 1173 3461 Nam
1205 3396 1252 3462 ibi
1280 3397 1463 3480 Euripides

291 3505 345 3587 qui
368 3510 509 3570 mentem
533 3525 623 3569 suam
647 3507 689 3568 ad
713 3504 920 3569 altitudinem
948 3503 1087 3586 duxerit,
1116 3523 1168 3567 res
1196 3504 1349 3569 sublimes
1377 3510 1462 3569 trac·

290 3618 365 3677 tans
389 3633 459 3678 cum
483 3614 575 3677 leone
599 3617 814 3694 comparatur,
838 3611 893 3692 qui
916 3613 1024 3676 latera
1049 3616 1082 3675 et
1104 3611 1211 3676 lemur
1230 3614 1333 3676 cauda
1352 3612 1462 3693 flagel-

290 3720 386 3784 lando
410 3739 444 3784 se
473 3722 514 3784 ad
538 3738 679 3800 pugnam
702 3718 821 3783 irritet.
868 3720 935 3783 Hos
959 3738 1084 3799 quoque
1108 3737 1229 3801 versus
1254 3738 1367 3785 uerum
1390 3739 1459 3785 ver·

290 3826 339 3890 bis
355 3829 428 3906 ὡςὸ
447 3829 574 3913 ποιητής
593 3825 713 3891 additis
733 3831 846 3890 auctor
866 3846 905 3890 ex
924 3828 1063 3890 Homero
1083 3826 1289 3907 deprompsit.
1323 3827 1463 3891 'lantum

289 3936 329 3997 de
353 3933 655 4014 comparationibus

377 4040 536 4122 Exposita
551 4040 654 4122 igitur
670 4040 945 4122 comparationum
960 4041 1065 4105 iorma
1081 4045 1186 4104 restat
1207 4046 1243 4104 ut
1258 4043 1297 4104 de
1315 4042 1461 4121 allego-

289 4147 359 4211 riis
387 4149 555 4229 loquamur
584 4153 617 4211 et
645 4147 863 4213 examinemus
891 4168 955 4228 qua
978 4149 1082 4212 forma
1107 4168 1126 4212 a
1149 4147 1306 4228 scriptore
1329 4147 1462 4211 indutae

288 4254 361 4319 sint.
390 4256 469 4320 Cum
488 4274 639 4337 magnam
658 4255 901 4342 similitudinem
919 4255 1007 4319 inter
1023 4274 1078 4319 eas
1095 4260 1128 4319 et
1140 4255 1348 4335 metaphoras
1362 4253 1460 4318 inter-

288 4365 402 4426 cedere
425 4382 524 4443 supra
548 4362 730 4446 dixerimus
758 4383 849 4428 nemo
872 4362 1046 4427 mirabitur
1070 4365 1153 4443 quod
1177 4367 1290 4427 auctor
1312 4378 1461 4443 maguum
