3268 5002
751 283 973 348 -32-

274 483 447 558 postquam
471 476 575 558 primo
599 475 834 558 disputationis
859 478 968 559 capite
988 480 1027 544 de
1047 476 1081 544 vi
1100 482 1134 543 11
1158 482 1279 542 natura
1303 475 1448 542 sublimi-

276 583 357 648 tatis
374 582 539 664 disseruit,
557 582 676 664 capitis
694 583 830 648 alterius
847 583 940 650 initio
958 583 1036 668 (32)
1052 583 1117 648 iarn
1133 601 1204 648 eam
1224 583 1449 664 quaestionem

274 689 511 755 instituendam
527 708 600 755 esse
617 689 706 769 dicit,
731 708 807 754 num
824 683 993 770 quaedam
1004 689 1216 755 sublimitatis
1236 694 1295 754 aut
1314 687 1449 770 grandi-

275 796 356 861 tatis
376 795 551 877 disciplina
570 795 622 861 sit.
660 795 765 878 Quam
785 795 1010 875 quaestionem
1030 815 1097 861 non
1116 795 1329 876 exercuisset,
1354 795 1448 859 immo

274 901 388 967 statim
420 904 463 968 ad
498 907 678 983 praecepta
712 903 751 966 de
784 902 986 968 sublimitate
1020 904 1129 968 danda
1162 901 1349 981 transisset,
1386 900 1448 966 nisi

274 1009 427 1074 scivisset
451 1029 471 1074 a
496 1007 660 1074 nonnullis
684 1008 872 1073 rhetoribus
896 1009 1012 1091 negari
1035 1007 1117 1074 talia
1140 1009 1174 1074 in
1199 1007 1282 1073 artis
1311 1005 1449 1072 formam

274 1115 379 1198 redigi
402 1133 509 1197 posse,
540 1115 574 1180 id
604 1115 689 1194 quod
718 1114 769 1180 his
800 1114 910 1181 verbis
942 1114 1110 1196 exprimit:
1143 1118 1208 1181 ἐπεὶ
1233 1118 1313 1192 ὅλως
1337 1117 1448 1182 οἴονται

274 1226 485 1308 διηπατῆσθαι
512 1228 583 1300 τοὺς
609 1226 648 1286 τά
675 1235 801 1288 τοιαῦτα
825 1226 956 1308 ἄγοντας
979 1225 1021 1300 είς
1044 1227 1172 1309 τεχνικὰ
1194 1221 1447 1307 παραγγέλματα.

273 1329 387 1408 Neque
405 1347 484 1394 vero
505 1346 575 1392 eam
596 1328 860 1394 adversariorum
879 1328 1077 1394 sententiam
1096 1326 1252 1410 neglegit,
1279 1328 1336 1392 sed
1359 1326 1448 1407 ipsos

274 1434 483 1500 adversarios
511 1434 559 1499 111
588 1435 761 1514 loquentes
791 1434 932 1500 inducit:
958 1447 1099 1521 γεννᾶται
1123 1439 1182 1520 γὰρ
1205 1439 1244 1498 τὰ
1268 1435 1448 1519 μεγαλσρυῆ

274 1544 326 1605 καί
359 1545 395 1606 οὐ
428 1545 558 1607 διδακτὰ
591 1543 800 1628 παραγίνεται.
862 1542 973 1621 Atque
1008 1542 1051 1607 ad
1088 1539 1146 1605 1111
1184 1538 1449 1604 adversariorum

273 1647 386 1726 verba,
412 1646 531 1727 quibus
550 1651 624 1734 φησί
643 1646 1003 1726 ν1111111111111111111,
1029 1646 1226 1712 sententiam
1250 1664 1316 1738 qua
1335 1644 1448 1710 melius

273 1752 461 1818 illustratur
480 1753 558 1834 quid
577 1753 724 1837 cogitent
741 1754 850 1820 verbis
871 1757 912 1832 ὡς
928 1758 1041 1821 οἴονται
1060 1751 1266 1834 interpositis
1286 1750 1446 1816 adnectit:

273 1861 367 1946 χείρω
391 1885 424 1926 τε
447 1865 487 1926 τά
511 1866 627 1947 ιρυσικά
651 1865 728 1947 ἔργα
749 1865 802 1927 καὶ
819 1873 870 1948 ’τῷ
893 1866 982 1928 παντί
1007 1863 1164 1946 δειλάτερα
1180 1860 1369 1925 καθίσταται
1384 1868 1448 1934 ταῖς

273 1969 482 2053 τεχνολογίαις
505 1971 840 2054 κατασκελετευὸμενα.
886 1967 967 2032 Tum
992 1966 1235 2053 111111111γὼδὲ
1258 1966 1449 2051 ἐλεγχθήσε-

274 2075 351 2136 σθαι
374 2073 464 2138 τοῦθ’
488 2075 599 2159 ἑτέρως
622 2078 694 2160 ἔχον
718 2078 794 2161 φημί
819 2092 858 2138 11
882 2091 966 2154 quae
982 2072 1166 2139 adversarii
1183 2072 1375 2138 obiecerunt
1390 2089 1449 2136 sua

273 2177 377 2258 ipsius
409 2180 577 2246 sententia
600 2181 649 2245 ita
672 2179 825 2245 refellere
848 2179 974 2261 incipit,
1006 2184 1043 2243 ut
1072 2178 1107 2244 in
1137 2179 1201 2243 fine
1230 2177 1300 2243 eius
1329 2175 1447 2258 capitis

274 2283 382 2349 dicere
412 2286 519 2365 possit
549 2305 605 2351 eos
634 2287 689 2366 qui
716 2286 903 2351 litterarum
931 2285 1088 2351 studiosis
1117 2285 1200 2350 artis
1225 2283 1369 2349 studium
1392 2301 1447 2348 ex-

273 2391 515 2472 probraverint,
542 2412 607 2458 non
631 2392 770 2474 amplius
794 2410 951 2458 censuros
976 2411 1048 2458 esse
1071 2392 1159 2457 illam
1183 2392 1224 2456 de
1248 2389 1447 2456 sublimitate

274 2496 529 2578 disputationem
564 2500 712 2566 inutilem
747 2504 806 2564 aut
841 2509 1080 2581 supervacuam
1116 2517 1196 2564 esse.
1244 2497 1385 2563 Similem
1414 2495 1446 2559 in

273 2605 401 2669 modum
431 2606 483 2687 24,
511 2609 539 2683 1,
572 2612 748 2687 antequam
778 2606 852 2687 ipsa
882 2605 1145 2672 adversariorum
1170 2606 1273 2670 verba
1304 2602 1445 2682 adierat,

273 2710 494 2776 definitionem
519 2732 615 2792 quam
634 2713 765 2794 quidam
789 2713 939 2778 rhetores
963 2714 1003 2778 de
1028 2710 1295 2794 exaggerationis
1319 2708 1448 2775 nomine

275 2813 415 2880 fecerint
440 2817 503 2882 sibi
526 2819 655 2884 minime
679 2819 810 2899 placere
827 2818 922 2883 dicit:
949 2823 965 2884 ὁ
990 2823 1044 2906 μὲν
1068 2818 1121 2885 οὖν
1144 2831 1206 2885 τῶν
1229 2819 1447 2906 τεχνογράρων

273 2927 342 3008 ὅρος
366 2923 463 3010 ἔμοιγ’
487 2930 545 2990 οὐκ
568 2928 705 3012 ἀρεστός.
753 2926 836 2990 Γ1111
864 2924 947 2990 fieta
971 2944 1081 2990 eorum
1105 2914 1207 2991 uerba
1231 2923 1349 3005 quibus
1373 2925 1447 3010 φασὶ

273 3031 468 3095 vocabulum
480 3030 662 3112 interponit
675 3031 800 3097 adfert:
813 3033 938 3119 αὔξησίς
950 3035 1014 3098 ἐστι
1026 3035 1119 3118 λόγος
1135 3033 1269 3118 μέγεθος
1282 3033 1447 3117 περιτιθεὶς

272 3148 334 3214 τοῖς
357 3140 576 3224 ὑποκειμένοις.
624 3138 688 3204 Sed
717 3138 814 3204 aliter
845 3157 883 3203 ac
915 3140 944 3219 3,
963 3140 993 3218 8,
1026 3138 1082 3204 ubi
1105 3137 1215 3204 verbis
1238 3141 1300 3224 ἐγὼ
1325 3141 1359 3203 δὲ
1382 3154 1448 3216 eqS.

274 3262 365 3308 suam
396 3245 594 3310 sententiam
624 3244 698 3309 ilico
728 3244 928 3310 adversariis
959 3244 1105 3326 opponit,
1137 3243 1190 3309 hic
1221 3242 1448 3309 enuntiatione

273 3349 474 3431 explicativa
497 3351 625 3416 illorum
643 3351 865 3416 definitionem
888 3350 988 3417 etiam
1013 3352 1055 3417 ad
1079 3350 1313 3416 sublimitatem
1332 3355 1366 3414 et
1390 3349 1448 3414 ad-

272 3453 395 3522 lectum
419 3463 453 3522 et
477 3459 643 3524 translata
663 3460 764 3524 verba
789 3459 953 3538 quadrare
978 3457 1074 3523 dicit:
1107 3460 1231 3524 δύναται
1259 3462 1318 3544 γὰρ
1342 3459 1448 3543 ἀμέλει

273 3568 326 3629 καί
342 3568 439 3649 ὕψους
462 3569 515 3630 καὶ
539 3567 663 3643 πάθους
678 3568 731 3630 καὶ
754 3568 877 3651 τρόπων
901 3565 976 3632 εἶναι
1000 3570 1102 3642 κοινὸς
1126 3565 1214 3642 οὗτος
1238 3569 1318 3650 ὅρος,
1343 3567 1448 3649 ἐπειδὴ

272 3674 403 3736 κάκεῖνα
427 3682 470 3757 τῷ
490 3674 574 3758 λόγῳ
591 3673 765 3758 περιτίθησι
783 3675 870 3738 ποιὸν
886 3696 913 3737 τι
931 3674 1074 3758 μέγεθος.
1115 3671 1196 3736 Tum
1214 3671 1341 3736 demum
1357 3689 1449 3735 suam
1515 3751 1520 3760 Ι

274 3776 473 3842 sententiam
492 3777 543 3842 his
559 3777 670 3842 verbis
687 3776 847 3858 explicat:
874 3782 940 3864 ἐμοί
964 3782 998 3844 δὲ
1022 3779 1159 3865 φαίνεται
1183 3791 1279 3844 ταῦτα
1303 3780 1449 3863 ἀλλήλων

271 3887 508 3970 παραλλάττειν,
537 3885 556 3971 ᾖ
581 3896 678 3950 κεῖται
706 3890 741 3950 τὸ
766 3888 820 3970 μὲν
844 3888 921 3970 ὕψος
945 3889 977 3952 ἐν
1001 3889 1151 3971 διάρματι,
1176 3888 1195 3971 ἡ
1220 3884 1373 3972 δἀὔξησις
1396 3888 1449 3950 καί

272 3996 304 4059 ὲν
320 3993 438 4077 πλήθει
458 4009 524 4071 eqs.
551 3990 592 4055 In
615 3991 679 4056 fine
703 3996 814 4055 autem
836 3990 933 4056 huius
956 3991 1082 4058 tenoris
1106 3991 1346 4056 sententiarum
1370 3990 1450 4056 dicit

272 4099 431 4178 quomodo
455 4097 527 4178 ipse
548 4096 816 4180 exaggerationis
831 4097 999 4163 notionem
1016 4098 1166 4164 definiat:
1192 4103 1273 4165 ἔστιν
1288 4102 1308 4184 ἡ
1325 4101 1451 4185 αὔξησις

272 4208 556 4292 -συμπλήρωσις
580 4207 641 4270 ἀπὸ
665 4207 788 4271 πάντων
812 4217 873 4271 τῶν
897 4207 1113 4292 ἐμφερομένων
1136 4216 1198 4282 τοῖς
1214 4211 1372 4292 πράγμασι
1396 4230 1450 4292 μο-

272 4314 344 4400 ρίων
368 4317 419 4379 καὶ
443 4316 557 4394 τόπων,
583 4315 823 4398 ίσχυροποιοῠσα
847 4325 884 4397 τῇ
909 4316 1037 4398 ἐπιμονῇ
1060 4317 1095 4377 τὸ
1119 4313 1416 4398 κατεσκευασμένον.
