3268 5002
711 208 935 270 ‚27-

230 403 358 470 formae
382 401 618 486 grammaticae
641 401 770 483 positae
795 407 873 483 sunt
896 421 1043 485 agamus,
1069 402 1109 466 de
1128 401 1246 482 quibus
1261 401 1410 468 Pseudo-

231 509 402 592 Louginus
415 509 467 589 34,
480 501 524 571 24'
538 507 693 588 loquitur.
714 509 1000 592 Interrogationes
1012 508 1197 574 rhetoricas
1210 527 1267 574 eas
1279 508 1409 574 intelle·

230 617 336 700 gimrm
365 615 408 681 ad
436 634 529 696 quas
559 633 631 680 cum
660 611 794 680 dubium
822 635 886 680 non
912 615 965 697 sit,
991 613 1069 696 quid
1092 614 1119 679 is
1145 614 1200 696 qui
1224 613 1410 699 interrogat

230 722 374 804 sentiat,
390 739 583 803 responsum
604 722 733 787 omnino
753 741 819 787 non
836 722 943 788 datur.
977 721 1068 804 Quae
1084 721 1191 806 figura
1207 740 1307 804 saepe
1323 724 1410 804 apud

228 828 564 911 Pseudo-Longinum
582 828 733 894 occurrit.
754 828 832 894 Cum
850 834 960 894 autem
976 827 1080 910 primo
1096 829 1167 893 loco
1184 828 1225 893 de
1236 828 1277 894 iis
1290 829 1411 894 dicturi

229 937 331 1002 simus
357 954 441 1016 quae
465 953 506 999 ex
529 954 596 1000 una
621 934 851 1000 enuntiatione
870 934 1113 1018 interrogativa
1133 935 1330 1016 consistunt,
1352 954 1410 1016 op-

228 1043 309 1108 time
324 1041 421 1107 nobis
437 1041 585 1107 videmur
601 1059 658 1106 eas
675 1059 769 1123 quae,
788 1041 858 1108 sive
874 1041 968 1123 ipsae
988 1040 1096 1107 forma
1115 1039 1320 1106 affirmativa
1340 1041 1410 1106 sive

229 1147 390 1232 negativa
408 1148 545 1213 indutae
564 1152 652 1229 suut,
679 1148 876 1213 sententiam
898 1147 1131 1214 affirmativam
1155 1147 1320 1228 exhibent,
1346 1147 1365 1212 i.
1385 1166 1411 1212 e.

234 1257 276 1322 ad
307 1274 387 1336 quas
402 1253 440 1320 si
463 1273 656 1336 responsum
688 1255 824 1320 daretur
847 1253 1048 1320 affirmative
1071 1254 1337 1336 responderetur,
1369 1255 1411 1319 ab

232 1362 274 1428 iis
299 1361 485 1427 discernere
510 1380 646 1441 quarum
672 1361 838 1426 sententia
858 1361 1016 1445 negativa
1036 1365 1095 1427 est.
1123 1362 1174 1426 Ac
1193 1361 1320 1426 duabus
1340 1361 1411 1441 qui-

233 1471 304 1534 dem
329 1467 454 1533 exiliis
474 1464 655 1549 pronomen
674 1468 951 1552 interrogativum
970 1468 1184 1549 praemissum
1205 1473 1264 1533 est.
1295 1468 1412 1533 Altera

233 1579 343 1641 autem
365 1593 487 1656 earum,
509 1594 594 1654 quae
615 1577 666 1656 14,
686 1577 703 1639 1
725 1579 852 1641 exstat:
873 1576 916 1654 τίς
936 1575 989 1641 οὖν
1009 1580 1067 1641 οὐκ
1087 1580 1124 1641 ἂν
1143 1578 1270 1664 εἰκότως
1290 1579 1340 1640 διὰ
1358 1581 1413 1661 τὴν

232 1685 406 1770 ὑπερβολὴν
434 1695 488 1748 τοῦ
518 1685 672 1769 μεγέθους
702 1684 923 1768 ἐπιφθέγξαιτο
948 1687 993 1748 ὅτι
1018 1700 1084 1762 eqs
1109 1682 1267 1764 negativa
1294 1680 1410 1762 forma,

232 1789 399 1853 sententia
424 1787 627 1854 affirmativa
651 1793 711 1870 est,
744 1788 852 1853 altera
875 1805 960 1868 quae
990 1788 1041 1868 18,
1069 1789 1110 1852 12
1133 1788 1271 1872 legitur:
1301 1790 1330 1853 τί
1353 1794 1413 1875 γάρ

234 1901 270 1961 ἂν
299 1898 377 1960 ἄλλο
406 1897 558 1981 φήσαιμεν
586 1907 683 1960 ταῦτα
710 1898 730 1980 ἢ
758 1906 802 1981 τῷ
831 1899 894 1961 ὂντι
918 1897 988 1973 Διὸς
1012 1897 1154 1978 ἐνύπνια,
1186 1893 1294 1959 forma
1318 1892 1412 1959 affir-

235 2000 367 2082 mativa,
393 2001 559 2066 sententia
582 2001 748 2084 negativa.

325 2107 443 2174 Tribus
467 2127 508 2173 ex
530 2107 664 2188 reliquis
690 2110 749 2195 ἆρα
774 2107 939 2188 particula
959 2106 1202 2191 interrogativa
1222 2107 1413 2189 praeposita

236 2220 296 2293 est,
321 2233 393 2280 cum
416 2215 509 2296 ipsae
528 2215 634 2280 forma
652 2215 812 2298 negativa
831 2215 1003 2296 praeditae
1023 2215 1105 2294 sint,
1131 2219 1210 2296 tneo,
1236 2233 1277 2279 ex
1290 2200 1414 2295 'quibus

234 2321 329 2387 unius
358 2321 464 2388 forma
492 2322 658 2405 negativa,
689 2322 826 2387 duarum
855 2321 1059 2389 affirmativa
1088 2327 1148 2403 est,
1179 2339 1218 2386 ea
1247 2319 1413 2402 particula

233 2432 357 2492 carent.
403 2429 487 2493 Sunt
511 2433 620 2494 autem
644 2429 706 2493 hae
731 2448 804 2494 sex:

322 2535 375 2615 29,
402 2536 441 2599 11
468 2535 515 2621 ἆρ’
540 2540 598 2601 οὐκ
622 2540 658 2601 ἂν
682 2539 786 2618 εἴποις,
813 2541 857 2601 ὅτι
880 2538 900 2622 η
924 2539 1008 2622 ψυχὴ
1028 2547 1082 2600 τοῦ
1101 2537 1273 2621 γράφοντος
1292 2559 1414 2601 συνεπι-

233 2642 328 2728 βαίνει
356 2653 410 2707 τοῦ
439 2646 590 2728 άρματος,
621 2643 673 2722 34,
704 2642 747 2705 24
776 2643 836 2728 ἄρα
860 2647 918 2707 οὐκ
942 2646 1047 2720 αὐταῖς
1070 2653 1135 2720 ταῖς
1159 2651 1220 2706 τῶν
1243 2644 1413 2728 σχημάτων

233 2751 408 2826 εἰδοποιΐαις
440 2753 525 2834 παρὰ
561 2751 641 2814 πολὺ
674 2751 908 2835 ἐμπρακτάτερα
941 2752 994 2814 καὶ
1032 2748 1230 2834 σοβαρώτερα
1268 2749 1413 2814 συντείνει

232 2859 272 2919 τὰ
298 2857 451 2941 λεγόμενα
461 2853 502 2939 1);
538 2854 590 2933 50,
620 2855 661 2918 21
697 2854 744 2940 ἆρ’
773 2859 831 2920 οὐκ
864 2859 900 2921 ἂν
929 2857 1013 2935 ἄξιόν
1041 2858 1104 2922 ἐστι
1133 2857 1317 2941 διαπορῆσαι
1345 2859 1413 2940 περὶ

234 2967 327 3026 αὐτοῦ
356 2963 465 3027 τούτου
494 2964 687 3044 καθολικῶς,
716 2964 845 3047 πότερόν
874 2986 950 3028 ποτε
977 2974 1115 3048 κρεῖττον
1142 2980 1208 3041 eqo.
1255 2961 1307 3042 21,
1333 2962 1353 3025 3
1378 2966 1413 3027 οὐ

233 3071 414 3154 θαυμάζεις,
447 3071 488 3146 ὡς
518 3072 577 3134 ὑπὸ
608 3074 642 3134 τὸ
674 3073 748 3134 αὐτὸ
780 3075 835 3154 τὴν
860 3072 962 3156 ψυχὴν
986 3075 1021 3136 τὸ
1045 3079 1246 3156 σῶμα--
1260 3070 1412 3155 ἐπιζητεῖ;

234 3161 286 3253 14,
319 3176 360 3238 12
392 3177 574 3262 ἐπιβλέπεις,
612 3177 721 3261 ἑταῖρε,
759 3177 800 3254 ὡς
830 3178 1099 3263 ἀναρρηγνυμένης
1129 3179 1184 3262 μὲν
1215 3179 1251 3240 ἐκ
1284 3177 1413 3262 βάθρων

233 3294 289 3367 γῆς
318 3299 398 3360 eus,
430 3282 482 3362 41,
513 3282 533 3344 2
558 3285 640 3368 ὁρᾷς,
670 3281 695 3347 ὦ
724 3285 824 3367 ἑταῖρε
854 3285 895 3360 ὡς
923 3283 1113 3368 παραλαβών
1141 3305 1198 3348 σου
1226 3287 1281 3367 τὴν
1310 3285 1413 3367 ψυχὴν

233 3391 283 3452 διὰ
306 3399 367 3453 τῶν
391 3391 494 3455 τάττων
518 3393 586 3474 ἄγει
610 3395 664 3474 την
689 3392 787 3474 ἀκοὴν
813 3392 882 3474 ὄψιν
906 3401 1021 3469 ποιῶν;

321 3493 434 3573 Neque
458 3513 536 3560 vero
560 3493 689 3560 libellus
712 3498 843 3559 tantum
866 3513 1036 3559 numerum
1060 3493 1288 3576 negativarum
1308 3491 1412 3558 inter-

232 3600 442 3683 rogationum
470 3619 554 3682 quae
583 3619 624 3665 ex
651 3620 718 3666 una
746 3601 1008 3684 interrogatione
1033 3599 1190 3682 negativa
1214 3599 1410 3680 consistunt,

234 3712 391 3787 quantum
422 3705 706 3783 affirmativarum,
738 3709 884 3788 praebet.
932 3708 984 3786 52,
1016 3709 1033 3770 1
1064 3705 1207 3787 scriptor
1231 3706 1412 3790 Erigonam

232 3814 478 3896 Eratosthenis,
499 3815 586 3895 quod
605 3833 737 3879 carmen
757 3814 855 3895 plane
874 3813 956 3880 vitio
976 3817 1100 3895 careat,
1121 3832 1193 3878 cum
1212 3813 1411 3879 carminibus

233 3920 431 4003 Archilochi,
457 3921 513 4002 qui
532 3921 636 3986 multa
656 3921 764 3986 aliena
784 3940 901 4002 rapere
921 3939 1030 3986 secum
1050 3919 1204 3986 videatur
1223 3924 1410 4001 comparat;

234 4046 300 4106 qua
324 4028 570 4108 comparatione
594 4016 822 4108 parenthetica
845 4027 1054 4108 interposita,
1079 4031 1253 4108 postquam
1278 4033 1411 4092 senten-

323 4167 344 4238 1)
363 4168 406 4222 Ibi
424 4169 692 4238 Pseudo-Longinus,
717 4185 778 4222 oum
801 4169 833 4221 de
857 4167 1072 4237 interrogatione
1096 4168 1165 4238 agit,
1190 4139 1247 4234 ipse
1273 4167 1305 4220 de
1328 4167 1413 4221 inter-

233 4256 376 4325 rogatione
394 4257 637 4327 interrogationem
655 4257 786 4312 instituit.
