3268 5002
741 339 961 402 „74-

265 531 342 612 quin
367 533 436 598 alta
455 551 535 600 uoce
559 535 719 613 quaedam
743 533 876 599 recites:
903 536 984 600 adeo
1009 533 1129 600 cursim
1152 534 1305 601 feruntur
1329 536 1437 602 omnia

265 645 299 705 et
322 640 581 720 provolvuntur)

353 746 422 810 Iam
443 747 483 812 ad
503 752 682 812 extremam
702 746 805 811 totius
824 746 1068 812 dissertationis
1084 755 1212 828 partem
1229 755 1438 814 transeamus

264 871 304 917 ao
328 852 368 918 de
392 852 676 933 compositione
701 853 990 919 sententiarum
1015 873 1161 938 agamus.
1203 856 1317 934 Neque
1341 855 1439 920 huius

265 959 534 1039 compositionum
559 960 688 1042 generis
713 960 815 1024 multa
839 967 956 1025 auctor
980 960 1069 1025 dedit
1093 969 1280 1042 praecepta,
1312 980 1437 1044 uerum,

264 1064 417 1144 quoniam
445 1067 572 1131 duobus
600 1065 693 1132 libris
717 1066 749 1131 id
774 1067 838 1131 iam
866 1074 1083 1143 tractaverat,
1113 1085 1220 1148 pauca
1243 1074 1373 1132 tantum
1397 1069 1439 1133 de

264 1191 301 1236 eo
336 1171 457 1237 attulit.
513 1172 575 1237 Illa
609 1171 693 1236 enim
727 1173 974 1253 comparatione
1003 1173 1096 1238 nobis
1125 1192 1190 1238 non
1213 1174 1338 1256 ignota,
1372 1194 1438 1254 qua

264 1278 446 1343 orationem
472 1298 543 1344 cum
564 1297 711 1360 corpore,
737 1279 896 1344 orationis
915 1282 1059 1345 membra
1083 1299 1154 1344 cum
1172 1280 1319 1360 corporis
1338 1300 1438 1344 mem-

263 1385 332 1450 bris
357 1393 537 1466 comparat‚
555 1385 723 1466 periodum
740 1406 824 1465 quae
841 1386 1002 1452 dissoluta
1026 1386 1106 1451 etin
1125 1387 1307 1467 complures
1323 1395 1439 1467 partes

265 1491 414 1572 dispersa
443 1492 486 1557 sit
518 1492 729 1558 sublimitatis
758 1493 838 1557 nihil
865 1492 899 1556 in
933 1511 967 1557 se
995 1494 1117 1560 babere
1145 1493 1234 1574 dicit,
1269 1513 1342 1558 cum
1365 1501 1439 1559 tota

264 1582 416 1679 periodus
450 1599 594 1664 sublimis
622 1599 690 1679 liat,
724 1600 752 1664 si
784 1599 913 1681 singula
941 1602 1086 1664 urernbra
1114 1600 1147 1664 in
1177 1620 1275 1665 unum
1304 1601 1439 1666 coniun-

264 1712 386 1788 gantur
410 1706 493 1789 (XL,
513 1708 551 1790 1).
598 1707 650 1772 Ad
675 1725 759 1786 quae
783 1706 892 1786 capite
917 1706 1014 1770 XLII
1039 1706 1130 1772 addit
1155 1706 1254 1770 nimia
1279 1706 1438 1772 orationis

263 1812 428 1878 breuitate
444 1851 488 1858 —-
506 1832 576 1877 eam
605 1814 802 1878 brevitatem
830 1811 910 1878 dicit
939 1831 1023 1892 quae
1051 1814 1192 1878 solorum
1220 1815 1438 1878 membrorum

263 1919 314 1984 vel
339 1919 514 1984 incisurum
538 1939 598 1984 usu
623 1919 822 1984 el'ficitur—
836 1918 1017 1984 orationem
1041 1921 1153 1986 eodem
1172 1921 1267 1984 modo
1288 1939 1352 1999 quo
1376 1919 1437 1984 im-

262 2026 387 2090 modica
411 2026 616 2108 longitudine
644 2026 753 2091 niinui¹
804 2027 896 2091 Haec
920 2025 989 2090 fere
1014 2046 1033 2090 a
1057 2026 1219 2106 scriptore
1243 2027 1283 2090 de
1307 2025 1436 2092 sublimi

263 2132 497 2212 compositione
517 2133 755 2198 sententiarum
773 2140 990 2214 exponuntur.
1028 2135 1141 2212 Neque
1158 2132 1287 2197 omnino
1308 2139 1438 2198 veteres

263 2239 297 2303 in
321 2257 392 2302 eam
416 2257 483 2303 rem
508 2245 575 2302 tam
600 2239 731 2319 penitus
755 2239 995 2318 inquisiverunt
1011 2259 1108 2318 quam
1130 2239 1164 2303 in
1188 2258 1340 2304 numeros
1365 2258 1437 2303 ora·

263 2345 397 2411 tionum.
450 2345 665 2410 Recentiores
688 2363 767 2412 uero
792 2365 862 2410 eam
886 2346 1111 2426 quaestionem
1135 2346 1323 2410 accuratius
1347 2353 1436 2410 trac-

262 2460 428 2530 taverunt,
465 2453 555 2518 velut
585 2453 774 2533 liudolphus
802 2453 959 2521 Disseuus
992 2452 1166 2517 dilucidam
1199 2455 1239 2517 de
1267 2460 1435 2516 structura

262 2559 469 2640 periodorum
494 2559 640 2624 oratoria
660 2559 922 2625 dissertationem
946 2559 1075 2640 scripsit
1100 2566 1133 2623 et
1152 2560 1182 2622 V
1184 2560 1379 2624 olkmannns
1402 2559 1437 2624 in

262 2665 344 2730 libro
375 2666 431 2745 qui
459 2668 498 2730 de
528 2673 601 2730 arte
630 2665 794 2730 rhetorica
823 2667 1025 2731 Graecorum
1054 2674 1086 2730 et
1115 2667 1337 2730 Romanorum
1366 2665 1436 2749 agit

261 2772 403 2851 itemque
427 2772 572 2837 Blassius
596 2772 629 2835 in
654 2772 737 2837 libro
761 2792 856 2853 quem
880 2775 920 2838 de
944 2772 1132 2852 eloquentia
1151 2772 1281 2838 Graeca
1305 2772 1435 2852 scripsit

262 2879 397 2943 subtiles
426 2880 465 2942 de
494 2898 533 2944 ea
563 2879 809 2944 obseruationes
836 2879 868 2943 in
893 2879 998 2944 lucem
1022 2880 1239 2960 protulerunt.
1291 2878 1438 2960 Quorum

261 2984 418 3065 imprimis
442 2985 567 3066 scripta
591 2993 721 3049 secutus
745 2987 918 3051 nonnullas
941 2985 1016 3050 libri
1032 2985 1183 3065 periodos
1207 2986 1292 3070 elegi
1307 3005 1438 3052 earum-

262 3111 324 3171 que
348 3099 549 3156 structuram
580 3091 776 3170 exanimem,
807 3099 840 3156 et
869 3111 1064 3172 quamquam
1093 3111 1157 3156 non
1187 3093 1303 3175 negari
1327 3101 1437 3174 potest

261 3186 590 3281 Pseudo-Longinum
604 3206 694 3263 -ut
713 3198 851 3263 Vahleni
868 3198 975 3263 verbis
995 3207 1123 3263 utar-
1137 3199 1292 3264 immensa
1313 3199 1437 3264 oratio-

261 3305 321 3380 nis
344 3305 560 3385 amplitudine
592 3325 625 3370 se
658 3306 784 3369 iactare
817 3305 930 3384 solere,
965 3312 1001 3370 ut
1035 3325 1277 3385 nonnumquam
1305 3305 1438 3386 ipsein

261 3412 441 3492 pericnlum
465 3431 499 3476 se
522 3412 680 3492 inmittat⁷
706 3432 726 3475 a
750 3432 813 3491 quo
839 3411 967 3476 dicendi
992 3412 1074 3476 artis
1098 3411 1259 3477 studiosos
1279 3430 1437 3478 revocare

261 3518 342 3598 uult⁷
377 3526 487 3582 tamen
516 3520 577 3583 hoc
606 3518 635 3582 ei
664 3519 805 3583 dandum
835 3526 884 3583 est
916 3537 1053 3600 magnas
1081 3517 1154 3582 illas
1187 3518 1337 3599 periodos
1370 3538 1438 3584 non

261 3625 330 3689 sine
364 3634 436 3689 arte
472 3625 663 3690 aedificatas
697 3644 773 3692 esse.
833 3625 924 3706 Quae
953 3644 1004 3689 res
1033 3632 1070 3690 ut
1099 3626 1342 3690 demonstretur
1370 3625 1437 3691 iam

261 3731 340 3795 mihi
363 3731 461 3796 liceat
486 3732 623 3812 primam
646 3731 722 3797 libri
741 3731 920 3812 periodum,
946 3750 1030 3810 quae
1049 3731 1168 3812 capitis
1192 3731 1288 3813 primi
1306 3731 1438 3797 initium

262 3845 321 3917 est,
342 3857 401 3919 per
418 3846 530 3919 partes
550 3840 729 3919 explanare
748 3846 782 3903 et
799 3839 981 3919 ostendere,
1001 3858 1098 3918 quam
1115 3838 1291 3904 artificiose
1307 3838 1438 3921 singula

260 3947 405 4010 membra
428 3945 516 4010 inter
539 3965 573 4010 se
597 3947 826 4026 respondeant.

350 4054 460 4132 Atque
483 4052 540 4117 illa
564 4053 691 4132 quidem
716 4051 864 4133 periodus
889 4072 952 4132 qua
976 4051 1115 4132 scriptor
1133 4051 1274 4134 exponit,
1291 4071 1348 4116 cur
1362 4054 1437 4119 sub·

260 4159 432 4223 limitatam
448 4161 654 4223 tractandam
671 4159 857 4240 susceperit,
872 4158 907 4222 in
924 4161 1003 4222 duas·
1014 4177 1150 4240 magnas
1162 4164 1281 4240 partes,
1301 4178 1437 4239 quarum

261 4268 368 4330 altera
392 4265 490 4330 alteri
514 4268 694 4348 respondet,
719 4265 824 4332 diuisa
849 4271 905 4330 est.
953 4265 1048 4329 Prior
1071 4270 1188 4348 autem,
1213 4265 1265 4330 cui
1288 4270 1342 4352 μὲν
1361 4285 1436 4347 par·

261 4373 361 4437 ticula
385 4372 561 4454 praemissa
587 4378 643 4455 est,
667 4392 767 4452 nsque
791 4375 832 4436 ad
857 4375 989 4438 ἐπαινεῖν
1010 4373 1039 4454 2,
1064 4374 1083 4436 8
1103 4372 1254 4456 pertinet,
1270 4372 1437 4455 posterior,

1619 3097 1620 3120 l

1619 3121 1620 3148 l

1618 3629 1620 3660 l

1619 4809 1620 4830 l
