3268 5002
762 305 983 369 ‚20-

286 506 340 584 sit,
365 505 462 586 plane
486 501 688 569 contrarium
711 509 770 569 est.
808 503 891 568 Eius
915 503 1040 584 figurae
1064 520 1158 566 usum
1182 503 1269 582 apud
1293 507 1458 567 auctorem

287 611 418 677 dimidio
452 609 523 676 iere
550 610 657 676 minus
686 609 893 690 frequentem
921 627 994 674 esse
1022 628 1087 674 non
1116 608 1280 690 miramur,
1318 628 1390 673 etim
1419 611 1459 674 de

287 738 326 783 ea
349 719 456 801 figura
479 717 559 782 nihil
582 717 843 799 praescripserit,
875 715 969 780 immo
1002 734 1156 796 spernere
1186 734 1221 781 se
1245 734 1316 780 eam
1340 715 1458 780 dixerit

287 845 317 906 p.
335 826 388 906 36,
414 826 466 906 24,
497 824 554 890 ubi
583 825 686 891 verba
716 827 854 911 πρόσθες
881 829 952 901 τοὺς
980 825 1167 910 συνδέσμους
1189 861 1233 869 —-
1257 825 1299 902 ὡς
1322 835 1458 890 ποιοῦσιν

287 935 315 999 οῖ
344 931 542 1018 Ἰσοκράτειοι
580 949 653 995 cnm
683 931 842 1011 despectu
873 929 982 1010 posite
1013 937 1099 995 sunt.
1160 931 1275 1012 Longe
1312 929 1458 1010 plurimis

287 1045 397 1104 autem
421 1058 461 1104 ex
477 1038 541 1102 illis
556 1037 638 1102 locis
655 1037 784 1119 singula
799 1039 902 1103 uerba
918 1042 970 1103 aul
990 1036 1153 1118 particula
1168 1037 1256 1102 inter
1273 1056 1308 1102 se
1324 1037 1458 1102 coniun-

287 1153 419 1229 guntur,
438 1148 545 1230 οιιιιιῆ
562 1144 726 1225 particula
742 1143 792 1209 bis
808 1149 937 1208 tantum
953 1162 991 1208 eo
1008 1163 1141 1208 munere
1157 1144 1325 1228 fungatur.
1360 1145 1459 1210 Velut

287 1254 414 1319 duobus
444 1250 524 1317 locis
556 1257 653 1316 terna
683 1250 896 1316 sirbstantiva
926 1249 975 1314 ita
1005 1255 1058 1316 καὶ
1089 1250 1253 1330 particula
1284 1250 1459 1317 coniuncta

287 1366 374 1442 sunt,
403 1365 440 1424 ut
464 1358 628 1439 particula
652 1364 728 1439 post
752 1357 889 1438 primum
914 1363 947 1423 et
971 1357 1111 1422 alterum
1134 1357 1331 1424 inueniatur.
1377 1359 1460 1424 Nam

287 1467 373 1547 quod
402 1467 432 1544 9,
464 1467 503 1530 12
534 1467 671 1533 τοιοῦτόν
703 1490 769 1542 πως
797 1469 849 1530 καί
878 1467 909 1530 αἱ
938 1467 1103 1552 μεταβολαί
1132 1469 1185 1531 καί
1213 1468 1379 1553 ὑπερβολαὶ
1408 1470 1460 1532 καί

286 1579 325 1639 τὰ
347 1575 545 1660 πληθυντικά
570 1579 647 1637 ante
671 1574 702 1638 αί
721 1574 887 1658 μεταβολαί
910 1575 962 1637 καί
985 1571 1149 1651 particula
1173 1578 1294 1653 exstat,
1320 1574 1362 1638 ad
1386 1591 1460 1637 sen-

287 1679 426 1745 tentiam
450 1698 523 1745 eum
541 1698 680 1760 eaquae
697 1677 864 1743 antecedit
880 1677 1141 1761 coniungendam
1158 1678 1269 1745 servit.
1310 1680 1460 1744 Alterum

288 1787 470 1867 exemplum
490 1789 543 1866 38,
560 1788 602 1852 26
623 1793 688 1851 est:
713 1789 752 1852 τά
770 1811 807 1873 γε
827 1791 885 1872 μην
902 1788 1089 1852 πολόπτιιιτα
1109 1788 1270 1872 λεγόμενοι,
1295 1790 1460 1873 ἀθροισμοί

285 1899 339 1961 καί
370 1897 535 1981 μεταβολαί
565 1898 618 1959 καί
642 1895 801 1980 κλίμακες.
849 1895 900 1972 24,
931 1893 961 1974 3,
991 1891 1046 1957 ubi
1075 1891 1141 1957 tria
1169 1892 1381 1959 substantiva
1408 1897 1460 1958 καί

287 2001 452 2082 particula
482 2000 735 2083 coniunguntur,
768 1998 921 2064 dubitare
944 2019 1127 2081 pessumam,
1159 2005 1269 2063 utrum
1299 1999 1378 2064 illud
1408 2004 1460 2065 καὶ

288 2108 374 2188 quod
399 2113 478 2172 ante
494 2107 631 2188 prinmm
656 2105 902 2172 substantivum
926 2111 986 2183 est,
1012 2109 1161 2186 ,quoque‘
1186 2105 1369 2186 particulae
1393 2106 1460 2189 sig-

288 2214 509 2280 nificationem
533 2214 713 2278 habeat-
730 2232 814 2292 quae
839 2212 968 2292 quidem
991 2211 1167 2294 explicatio
1192 2212 1270 2277 mihi
1293 2214 1401 2293 placet
1417 2219 1468 2258 —'

288 2342 330 2386 an
355 2320 473 2386 ceteris
490 2321 617 2385 duabus
641 2324 693 2386 καῖ
718 2319 889 2401 particulis
913 2321 1121 2400 respondeat.
1162 2320 1225 2386 Sed
1249 2326 1325 2385 utut
1348 2339 1401 2385 res
1425 2339 1461 2386 se

289 2430 399 2508 habet,
429 2428 671 2511 polysyndeton
694 2414 914 2492 'statuendum
938 2434 1005 2492 est:
1042 2430 1166 2494 δύναται
1195 2431 1254 2514 γάρ
1278 2431 1385 2515 ἀμέλει
1407 2432 1460 2493 καί

289 2540 385 2622 ὕψους
416 2540 468 2601 καί
492 2538 615 2614 πάθους
638 2539 690 2601 καί
714 2538 836 2621 τρόπων
860 2535 935 2602 εἶναι
959 2540 1060 2614 κοινός
1084 2536 1171 2614 οὗτος
1195 2541 1273 2622 ὅρος.
1321 2537 1461 2600 Praeter

289 2649 341 2710 καί
370 2642 469 2708 etiam
492 2646 526 2707 τὲ
550 2641 713 2722 particula
737 2648 854 2706 atrctor
877 2641 927 2706 his
950 2641 1030 2706 locis
1055 2661 1134 2707 usus
1158 2648 1225 2708 est:
1262 2645 1292 2722 9,
1318 2643 1338 2705 9
1366 2645 1404 2708 τά
1427 2667 1460 2708 τε

289 2753 391 2836 κάλλη
415 2763 469 2835 τῆς
493 2750 652 2835 ἑρμηνείας
675 2753 727 2814 καί
744 2753 782 2814 τὰ
798 2753 861 2835 όψη
878 2752 930 2813 καί
946 2754 1021 2834 πρὸς
1036 2751 1154 2826 τούτοις
1169 2751 1200 2814 αἰ
1216 2751 1332 2834 ἡδοναί.
1373 2750 1425 2826 25,
1440 2751 1460 2812 4

290 2862 322 2923 ἔν
346 2881 378 2922 τε
402 2867 467 2934 ταῖς
498 2856 654 2921 δεινώσεσι
677 2860 730 2921 καὶ
754 2867 816 2934 τοῖς
839 2859 983 2942 σφοδροῖς
1006 2858 1123 2922 πάθεσι
1147 2860 1200 2921 καί
1224 2860 1303 2922 ἔνθα
1327 2861 1375 2922 δεῖ
1395 2875 1460 2935 eqd.

291 2964 343 3044 25,
369 2964 388 3026 6
412 2963 609 3048 τοπηγορίαις
632 2986 665 3027 τε
688 2968 747 3048 γὰρ
767 2966 819 3028 καί
843 2965 996 3050 ἐπιλόγοις
1020 2967 1102 3028 κατὰ
1124 2968 1159 3028 τό
1178 2965 1272 3031 πλέον
1291 2968 1344 3029 καί
1363 2988 1462 3050 παρα-

291 3073 398 3155 βάσεσι
429 3073 481 3135 καί
511 3081 574 3148 τοῖς
605 3081 783 3156 φραστικοῖς
813 3075 908 3135 άπασι
932 3074 985 3135 καί
1009 3073 1230 3153 ἐπιδεικτικοῖς,
1263 3073 1405 3157 ἱστορίαις
1428 3095 1462 3136 τε

291 3182 343 3243 καί
367 3179 586 3264 φυσιολογίαις,
611 3181 663 3242 καί
688 3181 746 3241 οὐκ
770 3178 883 3262 ὀλίγοις
906 3179 1011 3255 ἄλλοις
1035 3179 1187 3263 ἁρμόδιος.
1227 3177 1279 3258 60,
1299 3179 1338 3241 17
1356 3181 1462 3264 κηλεῖν

290 3310 323 3351 τε
352 3288 427 3371 όμοῖι
456 3288 509 3350 καί
538 3289 612 3369 πρὸς
641 3289 734 3369 όγκον
762 3306 795 3348 τε
823 3286 875 3348 καί
900 3284 1019 3369 ἀξίωμα
1047 3287 1100 3348 καί
1128 3287 1205 3368 ὕψος
1229 3289 1281 3348 καί
1305 3297 1366 3350 πᾶν
1390 3289 1406 3350 ὃ
1430 3288 1462 3350 ἐν

291 3397 368 3478 αὐτη
385 3393 603 3477 περιλαμβάνει
620 3408 686 3469 eqs.
721 3393 742 3476 ἢ
766 3395 875 3453 autem
899 3388 1094 3468 particulam
1117 3389 1207 3454 hisce
1232 3392 1359 3455 (lacobus
1382 3390 1461 3455 locis

291 3497 490 3564 invenimus:
522 3498 574 3577 37,
604 3496 644 3560 10
669 3498 710 3574 ὡς
732 3501 792 3582 γάρ
816 3499 844 3561 ol
867 3508 910 3582 τῷ
935 3501 996 3562 όντι
1025 3499 1214 3582 ὀργιζόμενοι
1237 3502 1256 3582 ἤ
1281 3500 1463 3584 φοβούμενοι

291 3610 311 3691 ἢ
331 3609 576 3692 ἀγανακτοῦντες
598 3606 619 3689 ἢ
642 3606 701 3670 ὑπὸ
718 3604 903 3688 ζηλοτυπίας
921 3627 941 3688 η
961 3606 1020 3668 ὑπό
1036 3606 1133 3668 άλλου
1157 3609 1297 3682 τινός-
1316 3607 1464 3670 ἑκάστοτε

291 3823 312 3906 ἢ
331 3821 456 3905 πληθὺν
479 3842 500 3904 η
523 3819 696 3903 ὑπερβολὴν
718 3820 738 3902 ἢ
762 3819 875 3894 πάθος.

382 3924 529 3989 Tertium
550 3942 654 4006 genus
669 3923 843 3989 verlmrum
859 3922 1035 4005 figurarum
1053 3924 1170 4008 quibus
1187 3930 1354 3990 auctorem
1371 3945 1464 3990 usum

293 4050 366 4098 esse
397 4030 572 4107 constituo,
608 4029 684 4094 illae
716 4034 793 4094 sunt
823 4049 907 4109 quae
936 4029 970 4093 in
1001 4033 1205 4096 ve1¹borum
1236 4031 1463 4098 inversione

292 4139 412 4204 iacent.
461 4137 604 4219 Quarum
636 4137 720 4201 duae
751 4136 875 4217 species
906 4136 983 4201 mihi
1008 4144 1231 4220 occurrerunt,
1263 4139 1370 4204 altera
1393 4144 1463 4204 tra-

292 4244 453 4324 iectionis
480 4244 586 4309 altera
610 4243 744 4309 ehiasmi
768 4243 821 4311 vel
845 4243 1108 4308 commutationis
1132 4244 1246 4326 figura.

385 4354 432 4417 Ac
457 4351 690 4416 traiectioni
718 4350 846 4431 quidem
874 4352 1046 4414 verborum
1076 4352 1116 4415 de
1140 4371 1204 4431 qua
1228 4352 1280 4416 hic
1303 4351 1464 4432 loquimur
