3268 5002
714 291 935 354 ,15-

235 489 337 554 totius
355 486 542 552 sententiae
559 485 752 564 meminerit,
777 484 973 566 praesertim
997 503 1069 549 cum
1086 483 1293 564 parenthesis
1309 484 1413 548 inter-

235 595 344 677 posita
369 593 422 659 sit.
460 591 552 674 Quae
577 609 648 655 cum
673 591 720 655 ita
745 591 821 670 sint,
848 591 1091 656 anacoluthiam
1115 609 1211 670 quam
1236 591 1414 670 parenthe

235 703 295 768 sim
326 705 475 766 statuere
504 698 598 762 malo.
645 697 745 762 Aliud
776 697 957 778 exemplum
982 699 1034 776 54,
1061 699 1079 760 7
1104 703 1164 762 est.
1215 695 1267 760 Ibi
1297 701 1414 761 auctor

235 809 404 890 periodum
422 825 463 891 ex
479 803 708 869 enuntiatione
724 803 930 884 secundaria,
949 804 1001 868 cui
1017 805 1181 890 ἐπειδήπερ
1199 806 1413 884 praemissum

236 923 297 994 est,
323 919 356 978 et
380 912 549 994 primaria,
575 911 628 975 cui
651 915 701 976 διὰ
723 923 813 976 τοῦτο
834 910 1111 991 praemitteretur,
1137 909 1260 992 fingere
1284 909 1316 974 in
1342 909 1413 974 aui-

236 1040 286 1086 nro
304 1019 428 1085 hahuit.
470 1019 533 1084 Sed
553 1036 634 1098 cum,
657 1035 722 1097 qua
739 1016 976 1082 sententiarum
994 1015 1199 1082 abundantia
1215 1020 1276 1094 est,
1297 1034 1413 1080 secun-

238 1125 353 1192 dariae
377 1124 562 1190 sententiae
586 1142 740 1206 magnum
764 1123 997 1188 vocabulorum
1021 1141 1190 1188 numerum
1215 1122 1412 1200 adiunxerit,

240 1240 308 1297 tam
336 1233 432 1314 longe
463 1233 505 1296 ab
534 1229 689 1294 instituto
720 1229 884 1295 orationis
912 1229 1031 1294 itinere
1060 1229 1207 1309 recessit,
1242 1236 1279 1294 ut
1308 1247 1343 1294 se
1371 1230 1413 1293 ad

239 1339 334 1404 finem
358 1335 421 1403 nou
447 1341 681 1418 perventurum
706 1355 779 1401 esse
799 1336 1030 1415 arbitraretur,
1055 1336 1119 1401 nisi
1143 1337 1186 1400 ad
1209 1335 1338 1402 initium
1361 1353 1413 1398 re-

238 1448 424 1511 verteretur
436 1443 644 1524 repetitaque
658 1447 762 1529 ἐπειδὴ
779 1442 1009 1508 coniunctione
1026 1441 1243 1508 novamviam
1256 1441 1318 1506 sibi
1334 1459 1414 1522 ape-

236 1552 325 1616 riret.
354 1550 419 1616 Hie
436 1550 533 1614 etiam
551 1552 615 1615 duo
632 1549 680 1614 illi
694 1549 758 1614 loci
771 1550 1042 1615 commemorandi
1059 1554 1137 1614 sunt
1152 1568 1234 1629 quos
1245 1548 1414 1613 Vahlenus

235 1659 270 1723 in
285 1657 392 1723 indice
405 1656 582 1722 lectionum
595 1655 805 1721 hibernarum
816 1656 1075 1722 Berolirrensium
1089 1675 1116 1721 a.
1128 1654 1413 1721 MDCCGLXXX.

237 1766 279 1846 (p.
296 1766 316 1828 4
334 1770 367 1828 et
384 1763 417 1848 5)
436 1764 606 1846 eleganter
624 1762 794 1828 tractavit.
836 1762 1007 1842 Equidem,
1026 1781 1098 1827 cum
1114 1761 1201 1827 illius
1217 1761 1413 1843 philologiae

238 1871 399 1936 antistitis
423 1869 711 1934 ratiocinationem
736 1887 892 1949 superare
916 1887 1085 1949 nequeam,
1111 1886 1168 1932 eas
1192 1873 1305 1947 partes
1329 1886 1413 1946 quae

238 1978 302 2042 huc
326 1981 488 2056 spectant,
521 1977 563 2040 ad
587 1977 722 2041 verbum
747 1975 932 2040 describere
956 1994 1022 2040 non
1046 1975 1169 2040 dubito.
1215 1974 1288 2039 Hoc
1310 1973 1413 2056 igitur

241 2081 395 2146 iudicium
417 2085 455 2148 de
479 2084 584 2147 altero
605 2081 670 2166 (59,
694 2083 747 2166 18)
773 2082 869 2147 facit:
897 2083 947 2162 ,Iu
970 2081 1168 2163 paucissima
1193 2081 1314 2145 collata
1338 2099 1413 2145 sen·

244 2187 346 2252 tentia
369 2189 449 2254 haec
474 2194 542 2254 est:
569 2193 605 2254 ob
628 2194 688 2275 γὰρ
710 2192 803 2268 αὐλὸς
828 2194 882 2276 μὲν
899 2191 1039 2276 ἐντίθησι
1056 2192 1156 2275 πάθη,
1181 2191 1252 2274 ἡδὲ
1267 2191 1414 2265 σύνθεσις

241 2299 297 2360 οὐκ
314 2297 470 2382 ἐντίθησιν
486 2296 538 2361 vel
554 2301 609 2382 τὴν
626 2299 772 2362 σύνθεσιν
789 2301 846 2362 οὐκ
863 2300 995 2382 οἰόμεθα
1011 2297 1173 2362 ἐντιθέναι.
1205 2293 1328 2358 Sed-
1344 2313 1413 2358 mu-

240 2407 310 2466 tato
339 2401 468 2467 dicendi
497 2404 591 2467 modo
622 2403 655 2466 in
686 2403 792 2467 altera
821 2409 919 2483 parte
942 2401 1160 2484 interrogatio
1185 2418 1257 2465 cum
1282 2401 1412 2466 conclu-

239 2507 329 2572 sione
348 2507 454 2572 inlata
474 2515 534 2590 est,
561 2529 624 2590 quo
650 2507 741 2573 iacto
762 2547 803 2554 —
823 2509 956 2591 negatio
981 2527 1065 2588 quae
1089 2508 1132 2571 ad
1156 2508 1258 2572 solam
1277 2507 1413 2587 primam

239 2618 367 2693 partem
383 2615 683 2695 comprehensionis
699 2615 865 2695 pertinere
882 2634 948 2679 nou
965 2619 1086 2695 potest,
1111 2614 1153 2677 ab
1165 2613 1284 2678 altera
1304 2618 1413 2678 autem

238 2738 375 2799 prorsus
392 2721 541 2787 seiuncta
561 2726 622 2802 est,
649 2741 712 2786 non
733 2721 882 2808 habelalt
902 2720 1032 2786 omnino
1052 2739 1115 2800 quo
1135 2718 1325 2784 referatur‘.
1363 2721 1413 2785 De

237 2825 342 2890 altero
367 2828 430 2908 (69,
448 2829 480 2908 4)
505 2834 613 2894 autem
637 2829 709 2893 loco
726 2836 899 2909 postquam
916 2828 999 2893 dixit
1015 2829 1175 2907 quomodo
1191 2833 1308 2892 auctor
1324 2827 1413 2910 cogi-

238 2932 397 2998 tationem
427 2933 640 3001 iormavisset
668 2935 749 2999 haec
777 2933 904 3000 adfert:
950 2934 1198 3025 ,Progrediente
1222 2951 1369 2999 sermone
1394 2954 1414 2997 a

239 3044 357 3120 coepta
380 3041 510 3106 ratione
534 3041 702 3123 digressus
727 3042 865 3106 alteram
889 3051 1015 3122 partem
1034 3060 1092 3121 per
1108 3039 1411 3123 interrogationem,

240 3145 448 3211 conclusione
472 3147 568 3212 etiam
595 3147 790 3229 significata,
817 3149 944 3214 extulit.
991 3149 1045 3212 lta
1069 3147 1195 3216 factum
1219 3151 1271 3212 est
1295 3152 1332 3211 ut
1355 3166 1412 3210 ne-

239 3252 329 3335 gatio
354 3252 515 3334 principio
540 3254 701 3318 collocata
726 3273 811 3334 quae
836 3261 1007 3334 utramque
1027 3253 1224 3318 sententiam
1243 3253 1414 3333 complecti

240 3359 469 3429 debebatiam
493 3379 551 3424 suo
577 3359 684 3424 officio
708 3381 773 3426 non
800 3360 961 3443 fungatur
985 3365 1018 3424 et
1042 3361 1204 3440 pendeat‘.

328 3466 367 3529 ln
383 3468 495 3531 eodem
511 3466 689 3548 figurarum
710 3486 830 3549 genere
850 3486 913 3548 quo
938 3464 1149 3534 anacoluthia
1174 3463 1412 3545 parenthesis¹)

240 3572 354 3652 reponi
371 3573 464 3653 solet,
483 3592 580 3652 quam
598 3572 820 3655 Quintilianus
836 3573 1120 3654 interpositionem
1137 3573 1188 3637 vel
1204 3571 1412 3636 interclusio-

327 3711 348 3780 1)
372 3713 547 3767 Roschattius
570 3714 599 3766 in
623 3714 691 3767 actis
715 3714 807 3768 semin.
832 3713 925 3782 philol.
950 3714 1061 3782 Erlung.
1089 3715 1123 3784 (a.
1143 3713 1413 3778 MDCCCLXXXIV,

238 3817 263 3867 p.
284 3801 343 3856 189.
374 3802 441 3870 sqq.)
469 3803 616 3871 diligenter
643 3805 675 3857 de
703 3804 906 3870 parenthesium
934 3820 1002 3869 quae
1029 3804 1058 3856 iu
1092 3802 1258 3856 orationibus
1285 3807 1312 3855 et
1337 3801 1414 3854 libris

238 3890 380 3944 rhetoricis
390 3890 525 3944 Ciceronis
536 3898 702 3946 erstantusu
714 3894 780 3961 egit.
801 3894 885 3960 Quem
896 3897 1005 3945 secutus
1016 3909 1076 3945 cum
1086 3891 1413 3944 aMDCCCLXXXVIH.

239 3979 325 4032 Birtio
355 3986 481 4034 monente
509 3981 607 4033 sodalis
636 3982 729 4036 semin.
758 3982 850 4050 philol.
877 3981 1016 4050 Marpurg.
1045 3981 1218 4048 parentheses
1246 3995 1314 4046 quae
1343 3981 1414 4046 apud

238 4067 419 4138 Apollonium,
433 4069 580 4138 Catullum,
594 4069 756 4138 Vergilium,
771 4069 898 4123 Ovidium
911 4070 1029 4136 (metam.
1042 4073 1065 4123 1.
1077 4069 1112 4138 2.)
1127 4075 1236 4122 exstant
1246 4069 1414 4137 collegissem

191 4143 194 4147 ⁴
239 4162 266 4210 et
291 4157 489 4227 disposuissem,
514 4159 564 4210 hac
588 4158 736 4212 disserendi
762 4159 898 4211 occasione
925 4175 989 4210 usus
1014 4159 1097 4212 etiam
1122 4159 1155 4210 de
1178 4157 1414 4226 Pseudo-Longini

238 4246 444 4311 parenthesibus
470 4263 550 4315 agere
576 4247 658 4310 volui,
691 4263 859 4314 quamquam,
891 4262 924 4299 ne
952 4246 1050 4316 longus
1076 4261 1169 4311 essem,
1198 4261 1297 4314 paucas
1323 4247 1354 4298 de
1380 4246 1414 4298 iis

239 4334 438 4388 observationes
458 4336 527 4390 dedi.
