3268 5002
693 324 913 386 -10„-

215 539 255 585 ca
298 537 381 599 quae
416 519 579 583 Homerus
617 518 856 583 Demosthenes
894 517 992 581 Plato
1032 535 1152 599 magna
1194 515 1393 596 protulerint

216 625 343 691 cunctis
374 643 485 691 eorum
510 623 599 691 vitiis
629 622 783 702 imminui,
819 624 876 708 sed
909 641 1019 688 eorum
1050 622 1187 705 gloriam
1221 622 1392 702 sempiter-

215 729 290 797 nam
315 731 395 797 iore.
1009 751 1012 758 ’

300 836 461 902 Profecto
485 855 598 902 verum
622 837 849 918 philosophum
877 854 911 901 se
937 835 1081 900 ostendit
1105 852 1176 900 cum
1200 853 1392 918 magnorum

214 944 419 1027 ingeniorum
441 942 532 1010 11111
562 961 758 1023 quamquam
786 960 826 1006 ea
856 961 921 1006 non
951 942 1085 1023 ignorat
1109 940 1260 1006 clementi
1285 940 1391 1004 animo

215 1050 442 1136 excusat(51,
469 1049 510 1134 1).
566 1048 656 1113 Dicit
686 1049 779 1124 euim,
815 1066 886 1112 cum
916 1066 1040 1112 summa
1071 1046 1242 1130 diligentia
1265 1045 1299 1111 in
1325 1065 1392 1110 om-

214 1157 310 1221 nibus
336 1158 435 1222 rebus
458 1156 585 1220 minuta
608 1155 771 1234 videatur,
801 1153 836 1218 in
858 1154 1084 1236 magnitudine
1107 1152 1230 1236 ingenii
1253 1171 1391 1234 quoque,

213 1263 307 1327 utin
333 1262 466 1344 copiosa
489 1260 713 1346 111111111111,1
738 1261 899 1341 quaedam
922 1260 1126 1343 neglegenda
1151 1279 1231 1324 esse.
1279 1259 1392 1339 Neque

214 1371 246 1434 id
278 1389 298 1434 a
326 1368 519 1449 philosopho
549 1367 652 1433 vitam
682 1368 857 1433 humanam
882 1372 1037 1432 accurate
1063 1367 1261 1432 observante
1285 1367 1390 1445 abest,

214 1476 300 1555 quod
323 1493 429 1556 parva
453 1480 512 1539 aut
535 1475 710 1539 mediocria
734 1473 878 1556 ingenia,
902 1473 978 1554 quia
1002 1491 1163 1552 nusquam
1187 1491 1223 1536 se
1246 1471 1392 1552 periculo

214 1582 422 1646 committant
440 1599 546 1660 neque
567 1581 636 1646 alta
655 1585 782 1660 petant,
808 1580 997 1660 plerumque
1016 1599 1036 1643 a
1060 1578 1206 1659 peccatis
1230 1578 1334 1643 libera
1358 1586 1392 1642 et

214 1708 234 1752 a
263 1687 359 1768 lapsu
391 1692 465 1751 tuta
495 1705 567 1752 esse
599 1686 687 1762 dicit,
720 1705 792 1751 cum
822 1705 942 1768 magna
971 1685 1104 1768 ingenia
1127 1689 1264 1766 propter
1286 1683 1391 1764 ipsam

214 1794 470 1878 magnitudinem
504 1794 546 1858 ad
577 1793 707 1874 lapsum
739 1792 898 1872 proclivia
932 1791 998 1856 sint
1023 1793 1108 1874 lbi,
1132 1792 1173 1876 4).
1235 1791 1290 1856 Ita
1320 1810 1415 1854 mea¹

212 1900 342 1982 quidem
366 1900 532 1965 sententia
554 1899 619 1964 nisi
643 1898 696 1980 qui
721 1899 828 1963 animo
844 1917 962 1981 magno
987 1897 1157 1979 praeditus
1177 1904 1228 1962 est
1247 1895 1392 1962 iudicare

213 2007 335 2087 nequit.
383 2007 463 2070 Tam
487 2007 570 2070 hene
593 2004 695 2071 vitam
720 2005 884 2069 hominum
904 2023 1079 2085 eorumque
1098 2022 1203 2069 mores
1224 2005 1389 2083 observat,

213 2119 251 2178 11
274 2132 346 2179 eum
370 2131 436 2177 non
461 2111 579 2194 fugiat,
605 2111 758 2192 quicquid
777 2111 923 2176 homines
944 2110 1081 2191 faciant,
1107 2111 1139 2175 id
1164 2109 1295 2175 facilius
1320 2109 1391 2175 ani-

213 2219 376 2285 madverti
401 2224 434 2284 et
458 2217 678 2298 sempiternae
701 2218 771 2282 fere
795 2217 969 2282 memoriae
993 2216 1160 2292 committi,
1187 2216 1214 2281 si
1237 2216 1391 2282 vitiosum

214 2327 267 2404 sit,
285 2343 357 2390 cum
369 2325 511 2390 virtutes
528 2325 625 2389 111111
641 2330 675 2388 11
695 2323 846 2388 celeriter
861 2323 895 2387 in
913 2323 1106 2388 oblivionem
1119 2323 1256 2389 veniant
1272 2323 1336 2407 (51,
1349 2323 1390 2408 9).

213 2432 292 2498 Cum
332 2437 448 2496 tantae
488 2430 587 2494 animi
626 2429 820 2496 liberalitati
861 2431 1043 2494 concedens
1079 2430 1228 2494 omnibus
1263 2431 1391 2513 magnis

213 2538 293 2605 viris
318 2537 400 2605 vitia
431 2539 603 2616 condonet,
636 2555 675 2601 ea
705 2555 833 2618 quoque
863 2536 897 2601 in
921 2536 1039 2616 quibus
1063 2536 1174 2618 magni
1197 2540 1315 2616 poetae
1338 2537 1391 2603 vel

214 2653 363 2710 oratores
382 2644 435 2710 vel
454 2663 562 2709 rerum
582 2644 761 2724 scriptores
782 2647 978 2709 erraverunt
997 2641 1143 2725 neglegit
1163 2643 1206 2707 ad
1225 2642 1391 2723 solamque

213 2752 452 2816 sententiarum
482 2750 739 2840 magnitudinem
771 2754 909 2829 spectat.
955 2750 1055 2812 Velut
1082 2749 1259 2813 Homerum
1288 2749 1390 2829 Apol-

212 2856 299 2921 lonio
324 2876 418 2936 quem
442 2875 600 2935 nusquam
625 2856 754 2936 lapsum
777 2873 850 2920 esse
870 2854 949 2919 dicit
971 2855 1070 2938 longe
1093 2854 1275 2935 anteponit,
1300 2854 1391 2921 11111

213 2961 430 3032 Eratostheni
465 2962 706 3042 Archilochum,
743 2961 921 3026 Pindarum
951 2960 1161 3042 Bacchylidi,
1200 2961 1389 3042 Sophoclem

213 3069 285 3134 Ioni
310 3068 389 3132 Chio
413 3067 573 3149 praefert,
599 3069 690 3134 11111
709 3068 960 3133 Demosthenem
981 3066 1142 3148 Hyperidi
1166 3073 1200 3132 11
1219 3068 1392 3133 Platonem

212 3174 336 3256 Lysiae
367 3174 541 3255 praeponit
570 3176 633 3255 (51,
669 3175 731 3260 12).
787 3173 867 3255 Quis
895 3173 1069 3256 negaverit
1100 3192 1172 3238 eum
1200 3193 1390 3256 magnorum

188 3361 190 3365 .
212 3281 356 3347 virorum
387 3281 548 3345 delectum
579 3280 649 3346 eius
678 3281 777 3347 animi
806 3299 878 3345 esse
903 3279 958 3360 qui
982 3281 1023 3344 ad
1049 3299 1204 3345 summam
1228 3280 1391 3364 maguitu-

212 3388 319 3454 dinem
343 3394 377 3453 11
402 3387 635 3454 sublimitatem
660 3397 837 3469 provectus
861 3387 928 3452 sit‘?

299 3495 368 3560 Nec
392 3494 498 3560 minus
523 3496 605 3560 hene
630 3495 701 3560 eius
725 3494 824 3560 animi
848 3493 1040 3575 magnitudo
1061 3492 1160 3556 111111
1180 3493 1391 3576 cognoscitur

212 3599 296 3681 qu'ae
319 3601 496 3666 identidem
521 3602 560 3666 de
588 3601 772 3666 imitatione
795 3618 987 3683 magnorum
1013 3598 1156 3665 virorum
1185 3598 1272 3664 dicit.
1321 3599 1390 3664 Eos

212 3707 267 3786 qui
290 3726 427 3789 magnos
450 3707 629 3788 scriptores
647 3709 852 3773 aemulentur
872 3725 945 3771 cum
963 3704 1086 3788 Pythia
1105 3712 1284 3786 comparat,
1306 3724 1390 3785 quae

211 3812 244 3879 vi
274 3812 386 3878 divina
415 3814 554 3897 gravida
585 3815 719 3879 oracula
744 3812 864 3878 fundat
889 3813 953 3897 (25,
986 3811 1051 3897 26).
1098 3813 1172 3876 Non
1196 3813 1299 3876 solum
1324 3812 1390 3876 Ho-

211 3921 333 3984 merum
364 3918 443 3984 dicit
474 3919 535 3984 sihi
558 3921 763 3985 Herodotum
792 3919 834 3984 ad
862 3918 1055 3984 imitandum
1078 3917 1299 3999 proposuisse,
1333 3918 1390 3982 sed

210 4009 312 4090 multo
333 4032 411 4090 ante
431 4045 502 4090 eum
522 4026 742 4091 Stesichorum
763 4032 796 4091 et
815 4026 1060 4102 Archilochum3
1087 4023 1226 4088 omnium
1250 4023 1389 4088 maxime

210 4150 288 4198 1111
313 4131 484 4198 Platonem
509 4151 581 4196 eum
604 4133 767 4198 imitatum
792 4151 873 4213 esse,
908 4132 963 4212 qui
993 4150 1033 4196 ex
1055 4128 1230 4194 Homerico
1258 4128 1389 4194 flumine

210 4237 329 4302 multos
354 4237 443 4312 rivos
466 4238 500 4302 in
525 4258 560 4304 11
584 4239 793 4306 derivaverit.
839 4238 924 4320 Quid
943 4237 1029 4318 quod
1049 4235 1261 4301 sublimitatis
1284 4235 1388 4300 iuter-

209 4344 296 4424 preti
327 4363 560 4425 usquequaque
585 4346 749 4432 specimen
774 4350 825 4409 111
855 4345 962 4423 Plat0,
993 4362 1131 4423 quocum
1162 4343 1242 4422 ipse,
1268 4360 1389 4406 memor
