3268 5002
726 311 945 374 ..45-

249 511 284 572 τδ
307 508 394 592 γένος
418 505 474 591 [sc.
493 511 528 571 τδ
552 505 779 593 μειρακιῶδεςλ,
804 508 833 587 6,
855 507 875 570 9
899 509 1119 586 έποκέλλοντες
1143 511 1184 585 εἰς
1208 512 1243 574 τὸ
1267 511 1417 594 ῥωπικδν,

250 613 279 689 6,
302 612 344 676 10
366 615 464 700 τοὺτῳ
481 616 663 700 παράκειται
679 615 777 700 τρίτον
800 639 828 680 τι
852 615 963 690 κακίας
987 613 1082 696 είδος,
1109 615 1137 693 7,
1159 615 1179 678 4
1204 616 1360 681 ἐκπίπτων
1375 618 1418 692 εἰς

248 724 283 785 τδ
306 722 621 807 παιδαριιυδέστατον,
646 723 675 799 9,
702 721 722 785 5
745 725 784 786 τά
807 726 925 807 ἄσεμνα
948 723 1094 807 ἐμφύεται
1118 733 1179 798 τοῖς
1203 724 1321 806 λόγοις,
1347 724 1376 800 9,
1398 723 1417 786 6

248 830 316 912 περί
341 829 357 890 δ
382 831 514 913 μάλιστα
544 830 782 915 κορυβαντιῶσιν
811 830 838 892 oi
862 841 931 910 νῦν,
962 828 992 907 9,
1020 828 1060 892 15
1089 833 1143 905 τὰς
1167 830 1418 914 άνακεκραμένας

248 935 360 1011 κακίας
383 946 444 1011 τοῖς
468 937 613 1020 ὑψηλοῖς,
646 933 696 1014 10,
724 935 739 996 1
771 937 1021 1020 άναπτυττὺμενα
1045 933 1094 1019 [τὰ
1117 933 1290 1021 διηρμέναί,
1322 935 1371 1015 10,
1397 937 1417 1000 9

248 1043 437 1126 άκουόμενόν
460 1065 487 1106 τι
502 1079 545 1086 —
560 1079 603 1086 —-
620 1043 715 1127 πίπτη
730 1079 774 1086 -
787 1077 827 1086 -
840 1043 881 1118 είς
905 1042 1090 1128 άπαὺξησιν,
1117 1044 1168 1122 11,
1194 1043 1213 1106 6
1237 1043 1360 1128 πέμπτη
1385 1046 1418 1109 δέ

249 1148 402 1232 μεγέθους
429 1149 510 1212 αἰτία
540 1152 592 1212 καί
621 1150 827 1234 συγκλείουσα
851 1153 889 1213 τά
912 1152 971 1234 πρὸ
996 1150 1105 1235 ἑαυτῆς
1130 1154 1266 1231 ἅπαντα,
1300 1150 1350 1230 11,
1378 1151 1418 1215 15

247 1257 286 1317 τά
308 1257 377 1339 περί
400 1259 470 1330 τοὺς
485 1252 645 1331 Ἀλωάδας
667 1267 711 1341 τῷ
735 1267 845 1342 ποιητῇ
868 1258 1180 1344 παρατετολμημένα,
1207 1258 1257 1333 12,
1281 1255 1322 1320 10
1345 1261 1417 1323 ἀνα·

247 1362 367 1446 τρέφειν
390 1366 444 1438 τάς
468 1363 585 1448 ψυχάς,
613 1362 663 1436 13,
683 1362 704 1424 4
731 1365 773 1439 εἰς
797 1368 867 1439 τοὺς
892 1364 1024 1448 μάλιστα
1047 1365 1254 1450 φρονηματίας
1278 1365 1418 1450 ἐμπίπτει

247 1471 285 1531 τά
301 1469 455 1554 ὑπερφυᾶ,
478 1469 528 1548 16,
549 1469 564 1531 1
582 1474 637 1554 τὴν
656 1481 709 1534 τοῦ
730 1470 818 1534 θείου
834 1471 959 1554 δὺναμιν
976 1470 1133 1556 ἐχώρησε,
1156 1471 1205 1550 16,
1224 1472 1244 1536 6
1262 1469 1417 1558 [Ὅμηρος]

247 1576 288 1650 είς
311 1579 351 1640 τά
372 1577 492 1661 ηριυϊκά
517 1577 635 1662 μεγέθη
661 1577 868 1662 συνεμβαίνειν
887 1577 999 1658 ἐθίζει,
1027 1577 1076 1656 17,
1098 1578 1117 1641 2
1142 1579 1277 1664 μεγάλης
1297 1581 1418 1663 φύσεως

247 1683 490 1770 ὑποφερομένης,
522 1684 572 1758 17,
600 1684 640 1746 19
668 1684 900 1769 ἐξωμαλισμένα
923 1686 962 1748 τὰ
985 1686 1063 1770 ὑψη,
1094 1684 1144 1761 18,
1170 1685 1190 1748 5
1213 1697 1267 1750 τοῦ
1291 1709 1418 1770 πρακτι-

246 1800 303 1853 κοῦ
334 1801 442 1874 κρατεῖ
469 1795 504 1856 τδ
535 1793 682 1876 μυθικὸν,
718 1789 768 1864 18,
794 1789 836 1852 20
867 1802 941 1856 πᾶσι
972 1801 1033 1867 τοῖς
1064 1792 1221 1877 πράγμασι
1245 1791 1418 1878 συνεδρεὺει

246 1899 313 1961 τινά
336 1897 443 1982 μόρια,
474 1897 524 1972 19,
549 1898 569 1959 6
597 1902 636 1962 τὰ
659 1901 741 1983 ἄκρα
767 1901 868 1962 αὐτῶν
891 1900 944 1962 καί
968 1898 1195 1983 ὑπερτεταμένα
1218 1901 1300 1984 δεινὴ
1317 1937 1359 1944 -
1376 1901 1418 1976 είς

247 2004 369 2088 άλληλα
399 2006 563 2089 συνδῆσαι,
600 2005 653 2084 22,
686 2005 727 2066 14
761 2003 912 2090 [Ἄρατος]
946 2009 1000 2081 τὰς
1032 2006 1197 2091 προθέσεις
1227 2008 1417 2083 ἀσυνθέτους

247 2113 340 2186 οὔσας
370 2112 606 2196 συναναγκάσας
636 2115 721 2196 παρὰ
751 2113 857 2197 φὺσιν,
889 2110 940 2186 22,
968 2110 1008 2174 15
1038 2114 1091 2176 καί
1115 2113 1156 2188 εἰς
1180 2113 1319 2198 ἀλλήλας
1342 2137 1417 2199 συμ-

247 2218 445 2303 βιασάμενος,
477 2217 529 2297 22,
557 2217 597 2281 16
625 2222 659 2282 τδ
687 2221 760 2294 ἔπος
784 2218 981 2302 ἐβασάνισεν,
1013 2217 1065 2297 22,
1092 2219 1133 2282 18
1158 2223 1249 2304 μόνον
1273 2221 1331 2285 οὑκ
1354 2222 1417 2286 ἐνε·

246 2325 386 2389 τὺπωσεν
410 2336 447 2410 τῇ
464 2325 543 2404 λέξει
567 2336 620 2389 τοῦ
644 2325 785 2389 κινδύνου
808 2329 843 2388 τὸ
863 2325 989 2410 ἰδίωμα,
1015 2324 1067 2403 23,
1089 2324 1108 2386 8
1133 2326 1417 2412 έπεισκυκλοὺμενα

247 2431 384 2517 μεγέθη,
409 2431 461 2510 24,
483 2432 502 2494 2
525 2433 617 2516 λόγος
641 2433 775 2517 μέγεθος
798 2433 963 2517 περιτιθείς
986 2442 1048 2508 τοῖς
1070 2433 1296 2518 ὑποκειμένοις,
1322 2433 1374 2508 24,
1394 2433 1414 2496 4

247 2539 349 2603 ἐκεῖνα
372 2549 415 2624 τῷ
435 2541 519 2624 λόγῳ
538 2540 712 2625 περιτίθησι
732 2543 818 2604 ποῖον
838 2562 865 2604 τι
885 2540 1035 2625 μέγεθος,
1061 2539 1169 2618 24,19
1193 2545 1251 2604 οὑκ
1271 2543 1415 2625 ἔψυκται,

246 2645 298 2724 24,
326 2645 366 2708 19
391 2649 448 2732 οὑχ
472 2650 568 2723 οὑτως
592 2647 820 2731 ἀπαστράπτει,
846 2646 897 2724 24,
924 2645 966 2709 25
990 2648 1040 2710 διά
1062 2650 1097 2710 τδ
1122 2645 1185 2712 οίον
1201 2647 1298 2712 καίειν
1314 2671 1347 2713 τε
1363 2651 1416 2712 καί

247 2754 441 2837 διαρπάζειν,
467 2751 518 2831 25,
540 2753 560 2815 4
584 2757 689 2839 καιρδς
707 2765 761 2818 τοῦ
781 2754 1016 2840 Δημοσθενικοῦ
1037 2755 1297 2839 ὑπερτεταμένου,
1322 2754 1374 2834 25,
1396 2755 1415 2818 6

246 2863 298 2924 τδν
321 2861 771 2945 άκροατίγν-καταντλήσαι,
797 2859 912 2938 26,15
937 2863 989 2925 καί
1014 2861 1077 2925 οὐδ’
1103 2864 1140 2926 ἂν
1164 2863 1341 2947 ἐπακμάσαι
1366 2886 1416 2948 μοι

247 2969 332 3030 δοκεῖ
360 2968 530 3052 τηλικαῦτά
559 2991 626 3033 τινα
655 2978 717 3043 τοῖς
746 2979 800 3052 τῆς
829 2967 1010 3052 φιλοσοφίας
1034 2969 1182 3054 δόγμασι,
1214 2968 1265 3047 26,
1293 2969 1332 3031 17
1364 2973 1416 3034 καί

246 3074 288 3149 είς
311 3078 472 3159 ποιητικὰς
495 3076 570 3151 ὑλας
586 3075 747 3159 πολλαγοῠ
771 3074 955 3159 συνεμβῆναι
979 3077 1031 3138 καί
1056 3076 1194 3160 φράσεις,
1219 3074 1270 3153 28,
1297 3075 1338 3138 20
1362 3081 1417 3161 την

246 3183 337 3257 αὐτὸς
361 3183 454 3245 αὑτοῦ
479 3182 568 3266 φὺσιν
599 3183 631 3246 ἐν
659 3182 785 3257 πολλοῖς
809 3181 957 3266 γενέσθαι
983 3187 1130 3267 τραγικὴν
1149 3184 1415 3268 προσηνάγκασεν.

247 3286 298 3366 29,
322 3287 361 3350 17
386 3300 439 3352 τοῦ
463 3285 489 3353 δ’
505 3287 663 3374 Αίσχὺλου
688 3288 866 3373 φαντασίαις
890 3290 1126 3374 ἐπιτολμῶντος,
1151 3288 1203 3367 29,
1221 3289 1263 3352 25
1288 3291 1303 3353 ο
1327 3291 1416 3375 Εὐρι-

246 3481 332 3535 medio
350 3499 449 3551 genere
466 3482 540 3536 verbi
558 3499 631 3550 usus,
650 3483 678 3536 in
689 3483 890 3552 Agamemnone
909 3482 1000 3551 (1147)
1019 3485 1189 3548 περιβάλοντό
1209 3488 1233 3536 οἱ
1253 3485 1295 3551 (τη
1316 3485 1416 3553 ἀηδόνι)

246 3576 407 3639 πτεροφόρον
425 3576 504 3638 δέμας
516 3575 583 3624 θεοί.
612 3573 709 3638 Itaque
728 3577 760 3625 ut
779 3571 877 3637 aliquis
891 3577 993 3625 vestem
1011 3571 1121 3625 induere
1141 3572 1183 3626 vel
1203 3603 1235 3610 -
1256 3589 1416 3640 qttamquam

246 3677 337 3715 rarum
356 3668 397 3715 est
422 3693 454 3700 —
479 3661 530 3714 sibi
550 3661 661 3715 induere
679 3661 787 3729 dicitur,
806 3661 847 3714 ite
865 3661 914 3714 hoc
932 3661 989 3713 loco
1008 3677 1056 3728 per
1074 3661 1280 3715 translationem
1299 3668 1417 3716 oratores

246 3751 333 3804 famae
356 3769 420 3805 suae
445 3751 635 3805 aeternitatem
658 3749 769 3804 induere
788 3750 831 3803 vel
855 3751 977 3816 —quod
1000 3750 1110 3818 propius
1135 3751 1168 3802 ad
1188 3751 1320 3804 Graecum
1339 3767 1416 3804 voca·

246 3841 339 3895 bulum
367 3841 470 3895 accedit
498 3871 530 3879 —
560 3840 724 3894 circumdare
752 3839 888 3893 dicuntur.
945 3839 1019 3905 Quod
1047 3839 1230 3892 circumdandi
1257 3840 1417 3893 vocabulum

246 3931 382 3984 adamavit
402 3930 521 3996 Tacitae,
542 3930 588 3996 qui
607 3929 694 3983 tribus
712 3928 777 3981 locis
796 3928 884 3982 fernae
903 3928 1039 3982 notionem
1059 3945 1119 3982 cum
1132 3945 1162 3982 eo
1182 3929 1332 3998 coniungit,
1352 3947 1417 3996 quos

247 4021 316 4074 locos
344 4020 407 4072 huic
435 4020 467 4073 de
495 4036 546 4086 quo
575 4019 682 4087 agimus
708 4018 809 4072 similes
829 4034 885 4072 esse
905 4018 1000 4086 negari
1019 4018 1122 4084 nequit.
1160 4018 1245 4072 Velut
1264 4019 1366 4088 dialogi
1385 4019 1417 4073 de

247 4109 397 4164 oratoribus
420 4109 508 4176 capite
528 4110 575 4162 37:
614 4108 741 4176 Catilina,
761 4107 859 4177 inquit,
879 4114 907 4162 et
926 4108 990 4162 Milo
1010 4114 1038 4162 et
1057 4109 1154 4161 Verres
1173 4115 1201 4162 et
1221 4108 1356 4162 Antonius
1375 4108 1417 4162 illi

247 4201 292 4270 [sc.
312 4199 443 4267 Ciceroni]
464 4198 564 4251 famam
583 4197 824 4266 circumdederunt,
844 4197 989 4266 velAgm'c.
1009 4197 1057 4250 2οε
1079 4197 1218 4265 egregiam
1237 4197 1338 4250 famam
1356 4197 1416 4265 paci

246 4288 421 4343 circumdedit
434 4288 476 4341 vel
489 4287 559 4342 Hist.
574 4287 647 4354 4‚11:
668 4292 798 4354 erantque
812 4317 844 4324 -
861 4316 892 4324 -
906 4285 953 4353 qui
965 4285 1133 4353 principatus
1151 4285 1259 4340 inanem
1278 4287 1304 4340 ei
1316 4286 1416 4340 lamam

246 4379 451 4433 circumdarent.
