3268 5002
638 346 861 410 „37„.

148 538 187 604 in
216 538 333 620 primis
353 544 490 620 propter
507 539 766 622 Hermocratem
792 539 967 605 Hermonis
987 537 1096 620 lilium,
1123 538 1215 604 cuius
1236 557 1339 622 genus

150 646 198 710 ad
226 647 385 710 Hermam
414 645 572 710 violatum
603 645 780 712 referatur.
827 647 878 712 Ad
909 666 993 726 61166
1025 645 1168 726 scriptor
1191 665 1250 727 per
1272 645 1339 712 iro-

150 751 250 817 niam
282 752 361 817 dicit
385 771 420 816 se
443 751 565 834 mirari,
598 771 656 818 cur
680 752 833 818 Timaeus
860 772 925 817 1166
951 752 1122 834 scripserit
1145 752 1340 834 Dionysium

152 879 175 923 a
201 859 313 924 Dione
344 864 378 923 et
405 858 582 924 Heraclide
612 859 788 940 tyrannide
819 859 985 940 privatum
1015 878 1087 924 esse
1116 858 1193 938 quia
1221 861 1278 924 Δία
1306 867 1340 925 61

152 966 339 1032 Herculem
369 964 562 1031 violavisset
592 966 635 1050 (7,
663 965 725 1046 17).
773 965 886 1030 Tertio
916 965 988 1030 loco
1019 965 1175 1051 (6611),
1207 966 1247 1030 116
1275 985 1339 1045 6116

151 1071 224 1136 1616
243 1071 379 1154 egimus,
399 1073 580 1138 Isocratem
596 1072 774 1153 vituperat,
797 1074 882 1153 quod
899 1071 1092 1156 panegyrici
1108 1071 1202 1137 initio
1220 1072 1340 1137 dixerit

154 1185 292 1244 tantam
312 1178 518 1259 eloquentiae
538 1179 603 1244 vim
623 1198 695 1244 6666
714 1185 752 1244 61
770 1199 891 1262 magna
909 1179 1064 1260 minuere,
1085 1199 1191 1260 parva
1207 1198 1338 1262 augere,

154 1287 200 1350 de
230 1284 350 1368 priscis
378 1287 475 1350 rebus
507 1304 602 1366 novo,
635 1288 674 1350 de
705 1286 800 1351 novis
829 1285 937 1367 prisco
966 1286 1061 1351 modo
1086 1285 1194 1350 dicere
1218 1291 1339 1367 posset.

156 1390 213 1457 Ibi
236 1391 361 1457 ironice
389 1411 429 1456 ex
454 1411 491 1456 eo
516 1391 655 1473 quaerit,
688 1411 760 1457 cum
784 1391 1062 1457 Lacedaemonios
1092 1393 1134 1456 ab
1156 1392 1339 1457 Athenien-

157 1498 254 1564 sibus
270 1498 428 1564 beneficio
440 1518 501 1580 666
514 1499 688 1564 Graeciam
704 1499 879 1565 6116661161
892 1498 1042 1580 superari
1055 1499 1340 1564 demonstraturus

158 1604 216 1687 sit,
230 1624 308 1670 uum
325 1605 425 1670 etiam
436 1605 772 1671 Lacedaemoniorum
789 1610 822 1670 et
831 1605 1083 1671 Atheniensium
1098 1624 1152 1670 res
1168 1605 1340 1670 immutare

158 1711 250 1778 velit.
298 1712 392 1777 Unus
421 1713 513 1777 locus
542 1717 658 1794 restat,
691 1731 754 1792 quo
785 1712 892 1776 ironia
916 1712 1039 1777 nonin
1063 1718 1137 1776 1616
1161 1711 1338 1792 sententia,

75 1835 78 1840 ·
160 1819 277 1884 sedin
302 1836 367 1884 666
392 1818 552 1884 vocabulo
577 1824 627 1883 est
652 1818 800 1900 (3611).
839 1818 987 1900 Scriptor
1006 1820 1046 1884 de
1065 1817 1215 1899 poeticae
1234 1818 1339 1899 phan-

161 1925 654 2007 1661666161661116616661161,
679 1945 761 2006 quas
786 1945 846 1990 sua
870 1930 982 1989 aetate
1007 1943 1106 2005 saepe
1130 1927 1171 1989 ab
1201 1924 1340 1990 oratori-

167 2033 285 2096 busin
310 2033 475 2098 orationes
500 2031 679 2097 transferri
703 2031 793 2110 dicit,
818 2037 856 2096 ut
880 2036 1046 2110 tamquam
1074 2030 1194 2115 tragici
1221 2035 1340 2111 poetae

170 2136 275 2202 furias
305 2139 446 2204 videant.
499 2138 589 2221 Quos
619 2137 742 2204 ironice
773 2137 924 2220 egregios
954 2137 1044 2203 viros
1076 2137 1230 2218 appellat,
1267 2157 1341 2202 cum

170 2243 247 2308 dicit
275 2249 345 2312 οὐδὲ
374 2249 473 2312 ἐκεῖνο
503 2249 616 2331 μαθεῖν
646 2248 673 2311 cl
700 2257 832 2331 γενναῖοι
857 2247 999 2311 δύνανται
1025 2249 1069 2310 ὅτι
1094 2248 1110 2309 ὁ
1133 2247 1234 2331 λέγων
1257 2244 1341 2331 ’0ρὲ-

168 2377 239 2438 στης
251 2351 356 2438 (μέθες
368 2381 372 2390 ·
385 2352 426 2439 μί’
443 2353 520 2418 οὐσα
536 2364 597 2419 τῶν
613 2355 695 2439 ἐμῶν
708 2350 855 2438 Ἐρινύων
867 2353 960 2437 μέσον
977 2350 1007 2437 μ’
1018 2354 1172 2438 ὀχμάζεις,
1191 2354 1232 2429 ὡς
1244 2353 1341 2438 βάλῃς

167 2461 197 2537 ἐς
220 2457 738 2545 τάρταρον’---φαντάζεται
762 2457 855 2524 ταῦθ’
882 2463 926 2523 ὅτι
951 2460 1098 2544 μαίνεται.

720 2653 782 2718 lv.

253 2777 459 2843 Meminimus
483 2778 677 2858 scriptorem
695 2778 729 2843 16
749 2778 928 2859 partitione
947 2776 1049 2842 libelli
1068 2781 1219 2856 quartam
1239 2776 1340 2842 subli-

163 2882 289 2949 mitatis
307 2883 432 2948 fontem
449 2883 666 2949 elocutionem
681 2884 815 2966 dignam
832 2890 932 2964 atque
949 2885 1018 2949 6166
1035 2889 1149 2964 partes
1166 2885 1340 2949 verborum

163 2991 326 3055 delectum
361 2998 394 3055 et
426 2991 607 3055 orationem
644 2991 843 3055 translatam
874 2990 1004 3056 dixisse.
1053 2991 1171 3071 ltaque
1201 2989 1266 3054 1616
1296 2991 1340 3054 de

164 3099 371 3164 verborum
400 3097 557 3162 delectu
582 3099 744 3180 agendum
773 3103 832 3163 est.
880 3099 997 3161 Totam
1027 3101 1136 3162 autem
1165 3097 1341 3163 vocabulo-

162 3223 235 3268 rum
252 3204 379 3285 copiam
398 3203 447 3268 ita
467 3203 750 3284 perlustravimus,
772 3210 810 3269 61
826 3203 963 3284 primum
984 3204 1023 3267 de
1043 3203 1192 3269 omnibus
1213 3203 1341 3267 lexicon

163 3309 316 3377 Passovii
341 3311 592 3391 consuleremus,
624 3316 694 3374 tum
718 3309 876 3390 Stephani
900 3309 1091 3374 thesaurum
1116 3309 1340 3376 evolveremus

163 3423 264 3496 atque
295 3435 334 3481 66
363 3417 525 3482 vocabula
559 3436 695 3496 quorum
730 3435 809 3481 usus
841 3417 1018 3481 secundum
1049 3416 1243 3481 Passovium
1274 3433 1339 3479 non

162 3523 318 3604 frequens
356 3542 428 3588 esse
465 3523 649 3605 videbatur,
688 3525 794 3588 denuo
833 3522 1101 3606 examinaremus,
1141 3527 1341 3602 postremum

162 3631 245 3694 haec
277 3629 310 3694 in
346 3636 471 3694 certum
505 3630 650 3695 ordinem
680 3629 911 3712 redigeremus
946 3648 1040 3709 quem
1070 3628 1135 3693 iam
1162 3628 1341 3693 lectoribus

163 3736 367 3817 proposituri
410 3755 529 3802 sumus.
594 3738 745 3801 Ceterum
783 3755 841 3801 nos
882 3755 945 3801 non
967 3736 1055 3818 fugit
1096 3754 1180 3814 quae
1219 3734 1340 3800 talibus

164 3843 407 3923 quaestionibus
450 3843 645 3926 colliguntur
692 3862 730 3908 ea
769 3862 832 3906 non
870 3861 1000 3924 prorsus
1039 3847 1129 3906 certa
1175 3860 1244 3906 esse
1282 3861 1341 3906 nec

165 3968 257 4030 posse
296 3950 489 4032 impugnari,
530 3970 601 4014 cum
643 3952 782 4014 nondum
827 3949 933 4013 omnia
970 3948 1109 4013 omnium
1149 3947 1341 4029 scriptorum

165 4057 324 4122 vocabula
347 4075 482 4121 excussa
501 4056 578 4138 sint3
607 4076 710 4137 neque
735 4056 818 4121 enim
843 4075 868 4120 6.
888 4075 917 4137 g.
937 4054 1030 4120 Philo
1053 4055 1088 4118 in
1111 4054 1223 4119 lexicis
1247 4056 1342 4135 plene

165 4161 329 4226 adhibitus
359 4170 408 4226 est
436 4182 540 4244 neque
567 4162 773 4228 Philodemus
802 4162 936 4226 omnine.
991 4163 1014 4227 J
1016 4181 1068 4226 am
1096 4165 1271 4242 antequam
1299 4163 1341 4224 ad

164 4287 231 4332 rem
266 4272 464 4352 accedamus,
498 4289 605 4351 pauca
638 4269 737 4334 etiam
770 4270 812 4334 ad
845 4268 1079 4335 vocabulorum
1113 4267 1253 4332 indicem
1286 4286 1340 4330 ex-

164 4373 349 4454 plicandum
390 4375 484 4441 nobis
522 4376 660 4441 dicenda
695 4381 800 4441 eruut
861 4375 971 4440 Primo
1008 4375 1079 4440 loco
1113 4392 1152 4439 ea
1180 4372 1343 4440 vocabula
