3268 5002
638 315 856 378 ‚59-

146 514 312 599 ἐλεύθερα
327 514 550 597 συνεκλάμπει;
581 511 668 593 67,5
693 515 788 590 εὐθὺς
803 517 861 599 γὰρ
883 514 1005 591 ἀναζεῖν
1027 517 1061 577 τό
1084 513 1333 597 άπαρρησιάστον

145 623 204 684 καί
233 618 297 685 οίυν
321 623 492 707 ἔμφρουρον
516 622 576 684 ὑπό
600 621 767 705 συνηθείας
791 621 1074 705 κεκονδυλισμένον.

249 724 278 810 υ)
303 728 407 793 οίονεί;
433 726 485 807 32,
511 727 531 788 6
556 728 646 792 οίονεί
670 727 875 812 φοιβόληπτος
897 728 1067 811 γενόμενος.

248 833 280 916 d)
304 836 466 920 καθάπερι
491 835 544 915 32,
570 835 589 897 6
614 835 761 919 καθάπερ
785 835 988 918 ἐμπνευσθείς
1011 834 1153 919 ἐξαίφνης
1169 835 1228 898 ὑπὸ
1245 836 1332 899 θεοῦ.

248 941 277 1018 e)
301 942 342 1017 ὡς
362 945 398 1006 ἂν
413 944 491 1006 εἴποι
506 962 563 1018 τις;
583 941 665 1020 68,1
682 943 701 1026 η
719 940 945 1027 φιλοχρηματία
962 943 1014 1004 καί
1028 964 1047 1026 η
1067 940 1227 1026 φιληδονία
1243 943 1334 1007 δουλ-

147 1059 326 1134 αγωγοῦσι,
353 1050 470 1134 μᾶλλον
494 1051 527 1113 δὲ
552 1050 593 1126 ὡς
617 1052 653 1114 σίν
677 1051 755 1113 εἴποι
779 1071 822 1125 τις
845 1047 1089 1132 καταβυθίζουσι
1112 1052 1182 1125 τοὺς
1207 1048 1296 1132 βίους.

248 1153 274 1238 l)
298 1159 357 1232 τίςῑ
391 1155 442 1232 26,
467 1154 507 1218 10
527 1157 543 1219 ό
564 1157 696 1220 Πλάτων
714 1157 841 1240 τοιούτῳ
861 1158 916 1220 τινί
936 1156 1064 1241 χείματι
1086 1156 1222 1240 ἀψοφητί
1238 1156 1332 1240 ῥέων,

149 1263 206 1343 23,
222 1262 265 1325 15
281 1265 333 1327 καί
347 1267 410 1348 ἅμα
424 1262 586 1328 παιὼνειόν
602 1285 669 1327 τινα
685 1263 996 1348 καίάλεξιφάρμακον
1010 1263 1051 1337 είς
1065 1265 1119 1338 τὰς
1129 1271 1190 1326 τῶν
1205 1264 1334 1328 ἀκουόν-

149 1393 216 1435 τιυν
243 1372 344 1455 ψυχὰς
363 1367 484 1447 καθιείς
500 1371 608 1454 λόγον;
627 1369 680 1446 55,
700 1369 738 1430 11
757 1372 777 1454 η
794 1371 882 1454 φύσις
895 1370 936 1446 ὡς
952 1371 994 1444 είς
1009 1370 1145 1454 μεγάλην
1158 1373 1224 1434 τινὰ
1235 1370 1333 1454 πανη-

150 1501 243 1562 γυριν
266 1479 308 1552 είς
331 1481 383 1541 τόν
407 1476 471 1561 βίον
494 1479 546 1540 καί
571 1479 613 1554 είς
636 1481 688 1541 τόν
712 1478 874 1562 σόμπαντα
897 1480 1014 1560 κόσμον
1038 1477 1198 1561 ἐπάγουσα
1217 1479 1334 1553 θεατάς

153 1607 241 1661 τινας
265 1594 327 1648 τῶν
350 1585 460 1648 ἄθλων
484 1587 578 1668 αὐτῆς
602 1584 766 1670 ἐσομένους
794 1585 846 1648 καί
871 1584 1121 1668 φιλοτιμοτάτους
1145 1585 1332 1668 άγιυνιστάς;

154 1691 207 1772 34,
234 1690 254 1754 6
283 1695 318 1754 τδ
348 1690 448 1756 τοίνυν
478 1693 554 1775 ὕφος
585 1693 637 1754 καί
670 1692 774 1768 πάθος
804 1702 858 1776 τῆς
882 1693 930 1754 ἐπί
961 1700 1004 1775 τῷ
1029 1691 1227 1776 σχηματίζειν
1256 1693 1332 1756 ὑπο-

157 1799 239 1874 νοίας
268 1798 408 1883 ἀλέξημα
439 1800 491 1861 καί
523 1799 689 1883 θαυμαστή
720 1821 764 1875 τις
788 1797 947 1881 ἐπικουρία
977 1797 1164 1862 καθίσταται
1193 1799 1246 1861 καί
1268 1822 1334 1876 πως

161 1907 405 1990 παραληφθεῖσα
426 1907 447 1989 ἡ
470 1916 523 1968 τοῦ
548 1915 730 1990 πανουργεῖν
754 1906 846 1990 τέχνη
870 1914 932 1980 τοῖς
956 1905 1085 1968 κάλλεσι
1108 1907 1161 1967 καί
1186 1906 1333 1989 μεγέθεσι

164 2016 197 2075 τό
217 2014 322 2076 λοιπόν
346 2012 473 2076 δέδυκεν
496 2014 548 2076 καί
572 2024 675 2077 πᾶσαν
699 2012 833 2096 ὑποψίαν
857 2012 1056 2095 ἐκπέφευγεν.

250 2117 359 2184 llultis
384 2117 612 2199 allegoriarum
637 2117 790 2199 exemplis
814 2117 1060 2199 hyperbolem
1090 2135 1183 2196 quem
1207 2124 1334 2199 tropum

174 2223 300 2305 scriptor
327 2225 362 2288 in
390 2226 454 2289 fine
482 2225 550 2289 eius
578 2224 682 2306 partis
710 2229 836 2289 tractat
863 2243 945 2304 quae
974 2226 1013 2288 de
1041 2224 1166 2306 tropina
1190 2224 1335 2289 oratione

169 2331 230 2412 agit
246 2331 469 2416 (XXXVIII.)
487 2333 547 2396 nisi
571 2351 668 2397 unum
693 2333 873 2412 exemplum
897 2350 1056 2411 opponere
1079 2351 1209 2412 nequeo.
1244 2333 1335 2415 Quod

165 2439 266 2520 eapite
295 2440 337 2503 34
362 2445 472 2504 exstat
495 2458 555 2519 quo
579 2438 805 2503 Demosthenis
828 2438 932 2502 oratio
957 2457 1027 2502 eum
1051 2439 1227 2520 Hyperidis
1252 2459 1333 2504 oom-

161 2551 299 2626 paratnr
323 2552 356 2611 et
379 2548 476 2613 valde
499 2547 661 2610 laudatur.
699 2545 750 2610 lbi
774 2549 887 2610 auotor
910 2545 1181 2627 comparationem
1197 2546 1245 2610 ita
1262 2566 1333 2610 eon-

160 2654 260 2719 eludit
283 2658 320 2718 ut
344 2654 431 2718 dieat
455 2653 590 2718 celerius
614 2652 753 2733 aliquem
777 2655 883 2719 oeulos
906 2652 1029 2734 fulguri
1053 2673 1148 2733 quam
1165 2654 1335 2719 cumulatis

159 2761 297 2826 oratoris
321 2760 502 2826 adfectibus
526 2762 698 2826 obvertere
721 2780 825 2841 posse:
849 2764 901 2825 καί
924 2764 1040 2826 θάττον
1056 2765 1093 2826 ἄν
1109 2784 1152 2838 τις
1176 2773 1335 2847 κεραυνοῖς

159 2870 336 2956 φερομένοις
364 2871 535 2948 ἀντανοῖξαι
564 2874 602 2934 τά
631 2874 753 2955 ὄμματα
782 2871 903 2934 δόναιτο
931 2872 952 2954 ἢ
982 2871 1242 2955 άντοφθαλμησαι
1273 2881 1335 2947 τοῖς

158 2977 346 3061 ἐπαλλήλοις
370 2977 487 3041 ἐκείνου
511 2979 654 3043 πάθεσιν.

251 3083 409 3167 Quoniam
446 3103 524 3149 vero
562 3084 753 3165 hyperboles
787 3084 966 3164 exemplum
999 3083 1203 3166 ostendimus,
1237 3084 1335 3148 etiam

158 3194 237 3256 eluos
260 3192 344 3254 loeos
368 3191 552 3254 adferamus
576 3189 690 3270 quibus
711 3189 846 3254 litotes
863 3194 979 3254 exstat.
1009 3191 1067 3254 Cui
1082 3195 1174 3271 tropo
1192 3209 1230 3254 ea
1249 3190 1334 3255 simi-

157 3298 261 3362 litudo
294 3317 365 3361 eum
396 3298 572 3379 hyperbole
606 3301 662 3379 est,
691 3301 727 3361 ut
755 3298 835 3361 haee
863 3317 930 3361 rem
955 3299 1191 3362 ultramodum
1215 3302 1336 3380 augeat

159 3411 192 3468 et
217 3404 398 3486 amplifioet‚
422 3404 470 3468 ita
495 3410 531 3469 ut
555 3407 670 3468 deoens
694 3404 765 3469 veri
789 3404 981 3485 superiectio
1006 3407 1134 3487 evadat,
1159 3424 1229 3469 oum
1248 3404 1335 3469 illius

158 3516 279 3576 natura
297 3511 348 3592 sit,
365 3516 402 3575 ut
417 3512 591 3594 negatione
606 3532 665 3592 per
680 3511 817 3592 speeiem
834 3531 945 3577 veram
962 3512 1096 3576 alieuius
1113 3512 1160 3576 rei
1177 3512 1335 3590 rationem

159 3617 293 3699 minuat,
318 3637 355 3682 re
370 3638 450 3684 vera
475 3639 545 3684 eam
570 3624 697 3702 augeat.
737 3621 808 3684 Duo
833 3625 941 3684 autem
957 3619 1051 3684 huius
1075 3619 1160 3700 tropi
1188 3621 1336 3700 exempla

158 3725 237 3789 mihi
262 3733 479 3790 oeourrernnt.
519 3728 668 3792 Alterum
692 3747 801 3792 eorum
818 3728 868 3809 15,
887 3729 926 3792 17
945 3733 1054 3792 exstat
1070 3747 1131 3808 quo
1146 3729 1214 3791 loeo
1230 3729 1334 3792 Moses

159 3837 220 3919 οὐχ
248 3835 264 3898 ὁ
293 3837 396 3919 τυχὼν
425 3838 500 3921 ἀνὴρ
529 3833 655 3916 dieitur,
681 3836 819 3898 alterum
844 3836 895 3917 28,
921 3836 961 3897 19
986 3835 1041 3899 ubi
1065 3834 1214 3898 similiter
1237 3834 1333 3899 Euri·

159 3939 249 4020 pides
268 3952 333 4018 ταῖς
353 3943 460 4020 άλλαις
477 3943 675 4008 ἐπιτίθεσθαι
691 3944 870 4027 φαντασίαις
887 3947 944 4007 οὐκ
960 3945 1092 4027 άτολμος
1109 3943 1300 4022 appellatur.
1309 3941 1334 4026 ¹)

249 4117 269 4186 1)
290 4119 414 4171 Ceterum
429 4133 488 4170 oum
503 4119 543 4170 his
559 4119 688 4184 exemplis
702 4119 770 4170 talia
780 4118 894 4170 oonierri
909 4124 1034 4184 possunt:
1054 4121 1095 4182 25,
1112 4121 1144 4171 12
1159 4122 1207 4170 οὐκ
1218 4123 1333 4186 ἀγνοεῖς;

160 4208 201 4272 28,
225 4209 241 4261 6
266 4210 314 4258 οὐκ
339 4211 369 4258 διν
389 4209 470 4258 λάθοι
493 4226 533 4272 σε;
557 4209 600 4274 33,
620 4209 651 4259 21
674 4210 723 4258 οὐκ
743 4211 812 4270 ἀξιον
831 4211 872 4258 ἐπί
891 4211 983 4259 τοότου
1003 4214 1048 4259 τοῦ
1067 4211 1148 4259 τόπου
1166 4211 1333 4273 παραλιπεῖν;

160 4296 296 4363 44,19μη
316 4302 362 4347 καὶ
381 4301 500 4361 περιττόν
520 4294 536 4362 ᾖ
556 4300 619 4362 πρός
639 4299 740 4358 εἰδότας
760 4301 889 4362 &regianum
904 4298 976 4364 533
996 4299 1030 4359 ὡς
1050 4300 1079 4348 οὐ
1098 4300 1222 4350 διαλείπιυ
1235 4300 1333 4364 λέγων,

160 4385 201 4454 66,
222 4386 238 4438 6
258 4389 307 4437 οὐκ
326 4389 471 4453 ὀκνησομεν
490 4387 693 4452 ἐπιπροσθεῖναι.
