3268 5002
708 372 928 436 -70-

231 587 306 632 rum
330 574 363 632 et
383 568 574 633 ereticorum
593 569 669 634 inde
688 588 812 650 quoqne
831 567 1043 650 intellegitur,
1064 571 1147 648 quod
1166 567 1223 632 alii
1243 587 1314 632 cum
1333 565 1408 630 aliis

235 673 481 756 coniunguntur.

325 782 423 845 Velut
441 783 491 848 16.
508 784 527 847 2
543 782 677 864 legitur:
700 785 795 860 εὐθὺς
812 785 844 849 ἐν
860 793 897 866 τῇ
914 783 1038 867 εἰσβολῇ
1056 779 1202 868 [γράψας]
1218 792 1279 846 τῶν
1296 782 1407 866 νόμων,

232 887 289 952 nbi
316 893 423 968 potest
451 888 594 956 dubitari
623 909 665 954 an
688 888 859 970 synizesim
886 900 923 973 τη
952 889 1076 974 εἰσβολῇ
1105 886 1274 968 patiantur
1297 888 1408 952 verba.

232 994 452 1076 Nequeigitnr
461 1002 509 1060 est
520 999 603 1076 quod
613 995 950 1076 miremurtroehaeos‚
958 993 985 1058 si
995 1013 1065 1058 eum
1074 993 1202 1059 creticis
1211 993 1408 1074 coniungun-

230 1107 294 1169 tur.
315 1101 412 1165 etiam
431 1102 518 1167 inter
537 1121 675 1183 paeones
693 1101 828 1166 misceri.
871 1103 979 1181 Atque
995 1101 1043 1165 ita
1060 1101 1142 1182 3,13
1162 1101 1333 1166 trochaeus
1352 1099 1404 1162 bis

234 1227 388 1288 paeonem
421 1209 577 1289 seqnitur:
610 1215 664 1286 τὰς
688 1211 721 1274 δὲ
744 1211 917 1295 ποσότητας
944 1211 997 1274 καὶ
1025 1212 1077 1274 τὸν
1105 1206 1153 1294 ἐφ’
1177 1210 1319 1288 ἑκάστου,
1347 1225 1409 1286 qno

233 1316 301 1378 loeo
335 1321 447 1379 aiictor
480 1315 673 1396 repetitione
700 1315 826 1379 numeri
854 1314 1050 1394 adsequitur,
1079 1320 1115 1377 ut
1143 1313 1246 1377 oratio
1274 1313 1408 1394 pulchra

234 1426 268 1484 et
296 1440 470 1486 innuerosa·
494 1425 622 1487 evadat.
673 1423 739 1487 Nee
767 1424 868 1486 solum
896 1441 967 1485 cum
991 1420 1119 1485 creticis
1143 1427 1201 1484 aut
1224 1418 1409 1501 paeonibus

235 1530 290 1593 scd
325 1528 423 1592 etiam
457 1548 527 1594 eum
556 1528 817 1611 -palimbaeeheis
846 1528 964 1609 quippe
993 1527 1046 1608 qui
1076 1546 1093 1591 c
1120 1526 1297 1608 paeonibus
1325 1525 1409 1590 deri-

235 1643 362 1702 ventur.
392 1635 536 1700 trochaei
561 1635 807 1718 coniunguntur,
836 1636 928 1700 velut
957 1634 1006 1716 13,
1038 1635 1053 1697 1
1085 1637 1145 1698 duo
1173 1631 1326 1713 trochaei,
1354 1631 1410 1711 qui

233 1744 373 1822 spondeo
398 1743 482 1806 alter
506 1743 547 1807 ab
572 1745 674 1807 altero
699 1741 835 1807 scinneti
864 1747 946 1820 sunt,
975 1743 1053 1806 duos
1081 1739 1337 1821 palimhaeeheos
1360 1756 1409 1802 se-

234 1854 390 1928 qunntur:
424 1863 476 1914 eoo
509 1855 622 1926 παντὸς
655 1853 764 1926 αἰῶνος
797 1851 965 1934 ἐξενεγκεῖν
995 1851 1087 1927 ἀξιον.
1138 1847 1216 1912 Cum
1244 1847 1341 1910 semel
1370 1847 1410 1909 de

235 1955 385 2019 haecheis
414 1961 446 2020 et
474 1956 723 2037 palimbaeeheis
752 1956 954 2037 disseramus,
982 1955 1047 2018 iam
1070 1973 1188 2035 paucos
1212 1954 1296 2017 locos
1320 1953 1409 2016 adie-

236 2081 343 2126 ramus
372 2063 487 2142 quibus
515 2069 628 2127 auctor
655 2063 689 2127 in
717 2065 778 2127 hac
806 2082 901 2143 qnam
925 2065 1103 2127 tractamus
1126 2060 1229 2125 libelli
1252 2064 1347 2140 parte
1369 2058 1410 2122 iis

236 2188 311 2233 usus
336 2175 392 2234 est.
443 2171 559 2250 ltaque
583 2169 816 2250 palimbacchei
840 2175 876 2233 ut
901 2168 950 2248 13,
977 2170 992 2231 l
1019 2187 1090 2232 cnm
1114 2166 1283 2248 trochaeis,
1307 2165 1355 2230 ita
1379 2167 1409 2248 8,

238 2275 279 2339 10
303 2295 373 2340 eum
389 2277 565 2357 paeonibus
590 2276 750 2340 coniuncti
769 2280 856 2340 sunt:
877 2276 1003 2361 Τίμαιος
1027 2277 1068 2350 ὡς
1092 2275 1209 2360 poploe
1232 2278 1311 2349 τινος
1335 2276 1410 2358 ἐφα-

235 2385 393 2469 πτόμενος.
449 2384 478 2465 9,
513 2385 553 2446 19
586 2389 654 2448 tres
686 2383 836 2463 deinceps
863 2380 1096 2463 palimbacchei
1124 2379 1197 2461 puri
1225 2384 1410 2444 occurrunt:

235 2487 367 2576 πολθιης
384 2494 447 2557 ἐστι
463 2493 569 2577 πείρας
585 2493 759 2556 τελευταῖον
784 2491 978 2575 ἐπιγέννημα,
1004 2502 1074 2553 eum
1091 2487 1229 2551 dimeter
1251 2486 1410 2550 baechens

236 2596 266 2678 5,
292 2597 332 2660 13
358 2603 476 2662 exstet:
500 2601 628 2685 γελάται
651 2601 831 2684 γράφοντος.

326 2705 395 2768 lam
424 2710 491 2769 tres
519 2707 603 2769 locos
632 2705 816 2769 adieramus
844 2702 959 2782 quibus
988 2700 1164 2765 choriambi
1191 2700 1410 2765 inueniuntur.

237 2809 312 2872 Bini
337 2810 421 2874 enim
447 2812 496 2893 16,
523 2812 562 2874 17
588 2811 801 2896 (θεσμοθέτης
825 2815 883 2896 οὐχ
907 2812 922 2874 ὁ
946 2807 1061 2894 τυχών)
1086 2811 1119 2871 et
1147 2808 1197 2888 17,
1221 2807 1241 2869 b
1266 2804 1411 2891 (λείψανα

235 2927 298 2982 τῶν
328 2917 482 3001 Ἰλιακῶν)
511 2921 691 2998 occurrunt,
720 2937 791 2982 cum
821 2915 870 2998 to,
901 2917 942 2979 io
970 2919 1037 2978 tres
1062 2913 1212 2994 deinceps
1236 2895 1413 2992 sequantur

236 3023 341 3109 (μέχρι
370 3027 463 3110 μόνης
486 3037 540 3110 τῆς
563 3028 660 3110 ἀκοῆς
683 3022 881 3110 σῳζόμενον).
930 3023 1002 3086 Uno
1025 3022 1092 3084 loco
1117 3022 1178 3085 duo
1201 3019 1296 3084 ionici
1321 3020 1414 3084 nobis

237 3129 325 3194 obuii
350 3137 437 3195 sunt:
462 3131 491 3212 6,
508 3133 576 3196 heo
599 3134 653 3217 μὲν
677 3134 777 3196 οἰδοῠν
801 3131 982 3215 ὑπεραίρειν.
1015 3130 1084 3192 lam
1108 3147 1185 3193 veno
1209 3129 1292 3190 hane
1316 3145 1413 3206 quae-

238 3237 374 3301 stionem
407 3257 611 3302 numerorum
642 3237 677 3301 in
709 3236 822 3301 mediis
855 3235 1133 3301 enuntiationibus
1164 3233 1339 3314 positorum
1372 3235 1414 3297 ad

238 3343 333 3408 finem
350 3344 501 3427 ducimus,
518 3364 588 3409 cnm
605 3347 682 3409 duos
694 3347 778 3409 locos
791 3343 1069 3424 quibusnumerus
1081 3341 1285 3422 logaoedieus
1297 3359 1413 3422 eogno-

237 3451 340 3516 scitur
364 3471 651 3516 commemoramus.
699 3454 728 3534 2,
745 3452 786 3516 26
811 3457 924 3515 auctor
944 3455 1046 3513 metro
1062 3450 1272 3529 pherecraten
1296 3447 1412 3512 utitur:

237 3557 287 3643 bal
305 3560 489 3645 φαινομένην
506 3562 633 3644 ὁρῶμεν,
650 3579 720 3624 eum
735 3560 764 3641 4,
783 3560 821 3621 11
841 3560 901 3622 duo
919 3555 1068 3636 deinceps
1084 3553 1240 3636 glycone,
1257 3556 1414 3618 secundus

239 3665 385 3748 primum,
409 3670 598 3746 sequantur:
623 3672 677 3751 τὴν
702 3669 835 3731 ἐπὶτῶν
859 3663 1068 3750 προκειμένων
1091 3664 1241 3748 ἡγήσαιτο
1266 3662 1411 3748 θεωρίαν.

330 3772 453 3855 Quibus
466 3772 619 3853 expositis
632 3775 672 3836 de
685 3771 845 3836 nonnullis
858 3769 1049 3835 clausulis
1062 3767 1319 3833 enuntiationum
1332 3785 1414 3847 quae

237 3879 274 3942 in
297 3879 458 3961 prioribus
477 3898 592 3944 nouem
611 3879 772 3961 capitibus
788 3882 920 3943 exstant
939 3877 1132 3941 disseramus
1152 3880 1185 3938 et
1201 3876 1414 3955 ostendamus,
1477 3927 1489 3943 .

238 3986 294 4066 qui
319 3985 442 4050 nunneri
466 3986 506 4050 iis
530 3985 765 4066 contineantur,
790 4003 982 4064 quamquam
1001 3981 1308 4062 Pseudo-Longinus
1328 3982 1413 4044 elau·

239 4095 328 4158 sulas
355 4092 417 4157 nisi
446 4113 507 4157 uno
535 4095 602 4157 loeo
632 4093 697 4176 (63,
726 4093 745 4156 6
776 4090 972 4178 καταλήξεις)
997 4109 1059 4154 non
1083 4088 1219 4170 attingit
1242 4107 1301 4152 nec
1324 4106 1414 4167 sepa-

241 4200 338 4272 ratim
363 4204 401 4264 do
425 4199 464 4263 iis
488 4200 565 4281 agit.

330 4310 446 4387 ltaque
469 4307 572 4389 primo
595 4309 663 4371 loeo
688 4306 823 4371 creticos
847 4305 1039 4370 adieramus.
1073 4302 1148 4366 Bini
1173 4307 1281 4368 autem
1305 4298 1416 4365 cretici

241 4415 413 4497 punicam,
435 4414 558 4478 scilieet
578 4413 627 4478 his
645 4413 851 4494 reperiuntur
866 4411 956 4475 loeis:
982 4414 1009 4489 1,
1026 4410 1045 4472 6
1062 4406 1154 4495 belem
1174 4409 1416 4495 ἀπαιτουμένων.
