3268 5002
749 309 969 371 *76-

275 511 331 570 est.
385 504 539 584 Sequitur
574 509 645 567 octo
677 502 829 568 memhris
861 503 1095 568 sententiarum
1128 509 1222 568 tenor
1249 502 1364 582 quibus
1392 503 1451 568 illa

273 613 482 678 confinnatnr
510 616 545 675 11
572 609 691 676 clarius
721 610 900 690 exponitur.
951 609 1061 674 Etiam
1085 612 1164 675 haec
1192 609 1350 691 posterior
1373 629 1451 692 pars

273 719 371 784 facile
393 719 428 782 in
452 721 532 782 duas
555 722 667 800 partes
691 716 858 798 dividitur,
882 735 965 796 quae
989 716 1054 781 illis
1070 719 1110 781 11
1129 716 1244 796 quibus
1259 719 1350 781 modo
1367 717 1451 782 dixi-

250 846 342 891 mus
370 828 453 891 bene
481 826 684 906 respondent,
713 843 784 889 cum
812 823 1004 905 sententiae,
1033 833 1116 903 quae
1144 823 1320 904 primariae
1346 823 1450 888 inser·

274 934 377 1016 viunt,
406 931 510 1013 primo
537 932 606 995 loco
630 930 755 1011 positae
779 930 853 1012 sint,
878 949 936 994 eae
960 929 1075 1009 quibus
1097 929 1289 1012 inserviunt,
1313 949 1451 1010 sequan-

274 1047 336 1106 tur.
377 1041 496 1118 ‚Atque
525 1037 593 1102 eius
622 1037 750 1116 quidem
775 1037 879 1118 partis
902 1037 1004 1118 primo
1027 1037 1170 1101 membro
1193 1037 1294 1102 omnis
1318 1039 1357 1101 11
1377 1043 1452 1102 arte

273 1147 383 1227 aliqua
421 1144 598 1226 disputatio
632 1146 693 1208 duo
730 1144 895 1224 postulare
931 1143 1058 1227 dicitur,
1091 1163 1224 1222 quoruun
1256 1143 1354 1226 prius,
1387 1163 1452 1224 quo

273 1253 456 1334 explicatur
480 1254 519 1315 11
543 1269 607 1330 qua
631 1269 667 1314 11
690 1255 818 1332 agatur,
847 1252 985 1315 secundo
1008 1251 1150 1315 membro
1175 1250 1354 1333 exponitur,
1379 1270 1452 1315 cum

274 1380 313 1425 ex
344 1361 461 1438 quarto
489 1357 717 1438 intellegamus
741 1358 878 1420 alteram
903 1376 972 1421 esse
995 1356 1214 1436 quaestionem
1238 1360 1392 1436 quomodo
1417 1363 1453 1422 11

275 1467 391 1546 quibus
415 1464 542 1530 artibus
569 1464 627 1528 1111
658 1462 766 1527 resin
790 1463 1018 1544 possessionem
1038 1469 1181 1528 nostram
1205 1464 1318 1529 venire
1340 1464 1451 1548 possit,

273 1593 369 1652 quam
398 1591 465 1636 rem
498 1571 610 1635 ordine
643 1575 779 1651 tantum,
812 1589 875 1633 non
908 1570 942 1636 vi
974 1570 1184 1652 posteriorem
1208 1589 1277 1635 esse
1306 1589 1324 1634 1
1351 1571 1452 1636 tertio

272 1681 413 1744 membro
438 1677 662 1760 cognoscimus.
698 1677 790 1759 Quae
814 1695 884 1740 cum
908 1677 957 1741 ita
980 1676 1054 1760 sint,
1075 1683 1184 1742 tamen
1205 1683 1318 1742 auctor
1337 1678 1452 1758 quinto

271 1788 413 1851 membro
446 1791 479 1849 11
512 1791 603 1848 sexto
636 1783 716 1848 dicit
743 1782 918 1848 caecilium
950 1789 1102 1849 naturam
1130 1783 1339 1849 sublimitatis
1367 1790 1451 1849 tam-

272 1913 368 1973 quam
392 1895 477 1974 apud
497 1891 613 1956 inscios
634 1891 779 1972 pluribus
795 1890 905 1956 uerbis
927 1891 1147 1973 explicavisse,
1172 1911 1331 1956 comeam
1352 1911 1452 1971 quae-

272 1999 410 2064 stionem
439 2018 503 2078 qua
531 2003 743 2079 cognoscatur
766 2000 920 2076 quomodo
944 2003 1095 2062 naturam
1118 2003 1261 2062 nostram
1286 2000 1326 2062 ad
1351 2018 1453 2077 quen-

273 2109 346 2170 dam
380 2103 615 2186 magnitudinis
657 2107 794 2186 gradum
838 2106 1017 2185 provehere
1056 2105 1211 2186 possimus
1252 2105 1345 2185 quasi
1386 2125 1453 2170 non

273 2211 488 2276 necessariam
516 2209 668 2292 omiserit,
697 2211 728 2274 id
758 2213 841 2289 quod
870 2211 1005 2291 septimo
1033 2212 1175 2276 membro
1199 2216 1232 2275 et
1255 2216 1370 2278 octavo
1395 2231 1452 2276 ex-

273 2318 411 2401 ponitur.

362 2427 431 2489 lam
455 2424 512 2488 illa
536 2443 612 2504 pars
636 2422 790 2506 sequitur,
815 2443 910 2504 quam
934 2424 1153 2505 parenthesim
1174 2444 1242 2489 esse
1261 2445 1359 2506 supra
1383 2431 1452 2490 sta-

273 2532 402 2596 tuimus.
449 2530 546 2605 (iuius
570 2533 693 2596 duobus
717 2529 868 2594 membris
893 2529 1067 2595 (laecilium
1090 2532 1230 2596 tortasse
1258 2551 1371 2597 earum
1399 2552 1451 2596 re·

273 2659 344 2704 rum
369 2658 449 2718 quas
473 2637 618 2702 omiserit
641 2656 704 2701 non
727 2643 795 2701 tam
820 2640 1035 2703 accusandum
1059 2657 1154 2718 quam
1183 2640 1223 2702 ob
1251 2638 1393 2703 studium
1417 2644 1453 2704 et

273 2745 467 2810 industriam
491 2747 688 2809 laudandum
713 2764 781 2808 1111
805 2744 944 2826 scriptor
967 2745 1053 2809 dicit.
1101 2745 1267 2810 Posterior
1294 2765 1372 2832 vero
1401 2751 1451 2811 to-

273 2853 338 2917 tius
357 2851 480 2938 periodi
500 2871 585 2934 pars,
605 2871 688 2931 quae
707 2851 928 2932 parenthesim
947 2851 1094 2931 sequitur
1114 2858 1148 2915 et
1167 2873 1184 2916 1
1200 2858 1356 2932 quattuor
1372 2854 1451 2918 11111

275 2958 430 3039 consistit,
454 2957 555 3039 priori
580 2957 745 3022 contraria
770 2963 826 3039 est,
856 2978 927 3022 cum
951 2957 1133 3022 sententiae
1162 2978 1245 3038 quae
1273 2958 1451 3040 primariae

273 3065 458 3132 inserviunt
478 3065 508 3128 ei
529 3066 734 3147 antecedant,
754 3066 834 3128 haec
849 3065 920 3146 ipsa
937 3070 1065 3146 postero
1080 3067 1149 3129 loco
1164 3066 1270 3146 posita
1287 3065 1337 3130 sit.
1366 3068 1452 3130 Nam

274 3178 442 3254 postquam
467 3177 581 3236 auctor
604 3171 706 3253 primo
730 3179 763 3235 11
792 3174 896 3236 altero
923 3174 1066 3237 membro
1094 3171 1179 3236 dixit
1206 3192 1240 3237 se
1269 3172 1364 3238 amici
1392 3175 1450 3237 11-

274 3279 448 3344 monitione
468 3286 501 3343 et
520 3278 748 3343 adhortatione
767 3282 808 3343 ad
827 3279 946 3343 librum
966 3282 1005 3342 de
1024 3279 1225 3344 sublimitate
1245 3279 1451 3344 scribendum

274 3391 464 3451 commotum
489 3405 565 3468 esse,
590 3385 688 3450 tertio
713 3391 746 3449 et
769 3391 886 3466 quarto
908 3385 977 3466 ipse
1002 3387 1043 3450 ab
1063 3385 1165 3450 amico
1183 3386 1268 3467 petit
1286 3392 1323 3450 ut
1342 3405 1450 3451 secum

276 3493 441 3556 examinet
464 3512 538 3557 num
563 3491 733 3572 quicquam
758 3492 941 3557 oratoribus
965 3492 1045 3557 utile
1068 3492 1243 3574 scripserit.

363 3600 415 3662 Ex
438 3599 488 3662 his
512 3618 596 3678 quae
619 3601 658 3662 de
682 3598 807 3680 primae
830 3598 955 3679 periodi
978 3603 1144 3664 structura
1164 3599 1261 3664 attuli
1279 3600 1377 3665 iacile
1399 3599 1450 3664 iu·

274 3705 386 3786 tellegi
410 3706 522 3787 opinor
546 3705 736 3786 scriptorem
759 3725 879 3787 magna
903 3713 975 3770 arte
998 3705 1032 3769 in
1061 3725 1100 3770 11
1128 3706 1329 3771 aedificanda
1358 3726 1450 3772 usum

275 3831 351 3876 1111.
399 3813 503 3896 Quam
527 3817 632 3876 artem
652 3812 755 3894 magis
776 3813 875 3876 etiam
895 3812 1058 3894 cognitum
1077 3813 1119 3877 iri
1137 3819 1223 3896 puto,
1243 3813 1270 3877 si
1290 3816 1331 3878 ad
1350 3815 1449 3896 sylla·

274 3921 389 3984 barum
413 3938 453 3982 ex
477 3919 592 3999 quibus
620 3919 748 4001 singula
777 3921 921 3983 membra
949 3925 1099 3984 constant
1127 3940 1294 3985 munerum
1322 3926 1448 4001 specta-

274 4025 423 4092 verimus.
471 4027 549 4090 llum
573 4025 657 4090 enim
680 4025 758 4090 bina
781 4026 887 4107 prima
915 4028 984 4091 cola
1013 4026 1132 4108 viginti
1161 4029 1285 4092 duabus
1313 4027 1450 4109 syllabis

275 4132 468 4214 efficiantur,
485 4133 620 4211 tertium
637 4139 671 4196 et
687 4139 839 4213 quartum
856 4133 1140 4216 vigintiquinque,
1160 4133 1308 4215 quintum
1327 4139 1361 4198 et
1376 4153 1448 4198 sex-

274 4244 343 4304 tum
358 4239 478 4321 viginti
495 4259 619 4323 novem,
639 4240 810 4322 septimum
830 4245 864 4305 et
883 4245 1032 4307 octavum
1049 4241 1187 4322 triginta
1203 4261 1268 4306 una
1284 4241 1449 4306 continen-

274 4351 336 4411 tur.
383 4348 436 4411 lta
459 4366 564 4427 parva
588 4346 716 4426 quidem
739 4347 890 4428 gradatio
915 4367 934 4412 a
959 4347 1082 4412 minore
1105 4350 1146 4412 ad
1166 4348 1319 4413 maiorem
1338 4367 1448 4413 nume-
