3268 5002
695 269 915 331 -14-

308 464 347 526 ln
371 464 544 528 verborum
568 461 681 545 figuris
705 480 789 542 quae
816 461 851 525 in
875 461 1105 526 coniunctione
1130 459 1390 525 enuntiationum

219 569 401 634 omittenda
420 567 549 649 positae
569 572 656 648 sunt,
677 567 888 633 anacoluthia
908 576 1110 647 numeratur,
1132 586 1227 646 quarn
1245 566 1391 631 Pseudo-

219 675 389 758 Longinus
418 694 484 740 non
514 674 646 750 videtur
676 676 718 740 ad
750 673 983 740 sublimitatem
1007 673 1143 739 referre.
1189 674 1257 738 Nec
1281 679 1392 754 potest

219 782 345 864 negari,
370 781 493 862 siquis
522 799 561 846 ea
588 781 695 864 figura
719 785 842 860 utatur,
876 800 947 845 eum
972 780 1200 863 neglegentiae
1224 779 1392 845 cuiusdam

219 890 439 954 accusandum
463 906 546 966 esse,
571 907 643 953 curn
667 886 851 952 sententias
876 893 954 952 ante
979 887 1183 952 scribendum
1208 886 1390 950 incertum

219 995 363 1060 ordinem
388 1013 453 1060 non
472 993 645 1077 redegerit.
685 993 890 1074 Quamquam
907 994 1014 1057 altera
1034 1011 1075 1058 ex
1094 1003 1190 1073 parte
1209 994 1390 1058 conceden-

219 1103 293 1168 dum
318 1106 368 1166 est
394 1119 493 1182 saepe
517 1105 646 1165 tantam
670 1118 742 1165 esse
767 1099 1006 1165 sententiarum
1031 1100 1277 1176 abundantiam,
1302 1105 1339 1164 ut
1362 1099 1391 1164 is

219 1208 273 1288 qui
298 1207 412 1272 scribit
432 1226 469 1272 eo
486 1206 617 1271 flumine
633 1205 818 1286 abripiatur
834 1206 1082 1286 sententiasque
1104 1206 1217 1270 ordine
1233 1225 1296 1286 qno
1313 1225 1391 1272 con-

219 1318 335 1394 ceptae
356 1318 434 1378 sunt
450 1316 552 1394 ponat
567 1331 628 1377 nec
644 1321 761 1394 postea
777 1331 847 1377 eum
866 1312 1009 1377 ordinem
1025 1312 1183 1393 immutet,
1205 1317 1321 1393 utpote
1337 1313 1393 1393 qui

219 1419 305 1485 illius
330 1419 567 1484 sententiarum
588 1419 812 1485 abundantiae
832 1419 1015 1500 perfectam
1034 1418 1206 1501 imaginem
1224 1421 1391 1500 praebeat.

217 1528 337 1606 Itaque
363 1526 461 1591 etiam
486 1525 698 1590 anacolutbia
717 1525 849 1590 videtur
873 1525 914 1590 ad
939 1525 1171 1590 sublimitatem
1196 1527 1369 1606 pertinere.

262 1656 265 1662 ·
309 1632 407 1697 Citius
431 1632 556 1715 figurae
579 1649 686 1713 panca
710 1631 858 1713 exempla
882 1636 970 1712 apud
985 1631 1318 1714 Pseudo-Longinum
1342 1633 1392 1698 in-

219 1739 406 1806 veniuntur.
461 1740 507 1804 Et
538 1738 690 1804 dubitare
719 1757 901 1819 possumus,
934 1758 1009 1803 num
1035 1739 1065 1815 9,
1090 1740 1132 1804 22
1158 1739 1287 1803 omnino
1311 1759 1392 1805 aua-

220 1845 364 1911 colnthia
389 1851 505 1911 exstet.
552 1845 602 1910 lbi
627 1849 744 1910 auctor
767 1845 876 1911 dicere
899 1846 980 1923 vult,
1010 1845 1104 1910 utin
1129 1845 1199 1911 vita
1224 1865 1263 1910 ea
1287 1865 1392 1926 parva

219 1953 372 2018 habenda¹
396 1953 463 2018 sint
487 1971 623 2032 quorum
648 1958 855 2033 contemptus
881 1953 924 2018 sit
949 1952 1048 2017 animi
1071 1953 1190 2035 magni,
1220 1952 1269 2018 ita
1293 1953 1393 2018 etiam

219 2059 252 2124 in
278 2058 482 2124 orationibus
506 2058 608 2123 multa
632 2077 717 2138 qnae
733 2077 798 2122 non
815 2077 892 2123 vere
909 2078 1029 2141 magna
1045 2059 1112 2124 sint
1128 2058 1293 2124 reicienda
1310 2079 1390 2126 esse.

220 2165 283 2230 Sed
307 2184 379 2234 cum
410 2163 512 2246 priori
541 2163 610 2228 eius
640 2163 826 2228 sententiae
856 2163 945 2245 parti
974 2163 1170 2229 sententiam
1203 2166 1304 2230 addat
1328 2186 1392 2245 qua

219 2271 395 2336 nonnullas
412 2289 452 2334 cx
475 2271 540 2335 illis
564 2271 676 2351 parvis
693 2273 791 2336 rebus
808 2270 919 2336 adfert
939 2277 1038 2351 atque
1055 2270 1084 2336 ei
1101 2290 1219 2336 novam
1236 2274 1392 2338 adnectat

220 2397 286 2458 qua
309 2377 382 2442 illos
407 2377 470 2459 qui,
500 2397 696 2458 quamquam
724 2377 858 2442 divitias
887 2378 1009 2442 habere
1033 2377 1171 2459 possint,
1202 2391 1311 2442 tamen
1334 2397 1390 2444 eas

221 2490 391 2565 spernant,
436 2484 695 2550 admirabiliores
738 2503 811 2550 esse
848 2483 928 2549 dicit
964 2485 1005 2549 iis
1050 2485 1105 2564 qui
1142 2503 1199 2550 eas
1237 2487 1391 2562 habeant,

220 2590 426 2657 obliviscitur
442 2593 601 2672 quomodo
627 2591 885 2657 enuntiationem
909 2591 1093 2656 instituerit
1117 2610 1156 2656 ae
1179 2610 1266 2656 nova
1290 2611 1393 2656 enun-

220 2697 359 2763 tiatione
376 2698 561 2764 sententias
578 2698 743 2779 explicare
760 2698 885 2780 pergit:
911 2701 1033 2766 Είδέναι
1050 2701 1121 2785 χρή,
1147 2701 1282 2785 φίλτατε,
1308 2703 1393 2783 διότι,

219 2808 367 2892 καθάπερ
384 2809 443 2870 κάν
459 2817 502 2891 τῷ
519 2817 612 2891 κοινῷ
629 2807 684 2892 βίῳ
702 2809 789 2872 οὐδέν
814 2808 944 2892 ὑπάρχει
969 2807 1049 2891 μέγα
1073 2806 1108 2870 οὑ
1132 2811 1166 2871 τὸ
1190 2789 1394 2892 καταφρονεῖν

220 2915 301 2977 ἐστιν
326 2913 415 2998 μέγα,
445 2911 508 2979 οἷον
531 2916 657 2977 πλοῦτοι
681 2917 763 2998 τιμαί
787 2914 872 2991 δόξαι
896 2913 1068 2997 τυραννίδες
1091 2915 1144 2978 καί
1169 2917 1227 2978 ὅσα
1251 2917 1287 2998 δὴ
1313 2917 1394 2978 ἄλλα

221 3021 284 3104 ἔχει
315 3021 395 3084 πολὺ
425 3023 460 3083 το
488 3020 607 3097 ἔξωθεν
635 3016 968 3106 προστραγῳδοὺμενον
997 3023 1120 3084 οὐκᾶν
1148 3030 1229 3105 τῷγε
1258 3021 1393 3106 φρονίμῳ

221 3125 335 3203 δόξειεν
359 3127 469 3210 ἀγαθὰ
493 3126 735 3210 ὑπερβάλλοντα,
767 3125 809 3190 ὧν
840 3130 915 3190 αὑτὸ
938 3130 973 3190 τὸ
997 3136 1187 3210 περιφρονεῖν
1211 3129 1334 3211 ἀγαθὸν
1359 3130 1393 3190 οὐ

221 3232 566 3317 μέτριονὺαυμοίζουσι
597 3244 671 3317 γοῦν
701 3243 762 3299 τῶν
793 3235 927 3318 ἐχόντων
958 3236 1037 3297 αὐτὰ
1066 3234 1183 3317 μᾶλλον
1211 3238 1282 3310 τοὺς
1305 3235 1394 3298 δυνα-

221 3339 329 3424 μένους
345 3341 427 3424 έγειν
443 3341 496 3403 καί
517 3341 567 3404 διὰ
591 3340 824 3424 μεγαλοψυχίαν
849 3339 1162 3425 ὑπερορῶντας·πῇδέ
1185 3363 1245 3403 που
1269 3342 1321 3404 καί
1345 3342 1394 3405 ἐπί

220 3456 281 3511 τῶν
306 3447 474 3530 διῃρμένων
499 3448 531 3510 ἐν
554 3447 702 3531 ποιήμασι
726 3449 778 3510 καί
803 3448 906 3531 λόγοις
929 3447 1140 3528 ἐπισκεπτέον,
1173 3448 1213 3532 μή
1238 3471 1304 3513 τινα
1329 3465 1393 3526 eqs.

222 3549 287 3617 Alii
318 3568 388 3614 eam
413 3550 657 3615 anacoluthiam
682 3552 797 3616 tollere
821 3555 993 3632 conantur,
1026 3569 1098 3616 cum
1128 3551 1204 3616 inde
1235 3571 1254 3616 a
1285 3552 1394 3617 verbis

221 3658 418 3742 θαυμάζουσι
430 3669 504 3742 γοῦν
517 3675 582 3736 eqs
596 3675 698 3737 usque
715 3659 756 3723 ad
769 3661 982 3744 ὑπερορῶντας
994 3658 1216 3738 parenthesim
1233 3662 1393 3723 statuunt.

221 3763 304 3826 Tum
327 3764 429 3828 uerba
452 3766 525 3849 τῇδέ
548 3788 607 3828 που
631 3767 684 3828 καί
708 3767 757 3830 ἐπί
780 3776 841 3829 τῶν
866 3783 940 3843 eqe,
967 3784 986 3828 a
1010 3767 1084 3830 διὺτι
1109 3765 1295 3846 pendentia,
1322 3783 1393 3829 cum

220 3869 330 3935 verbis
349 3872 497 3956 καθάπερ
517 3874 575 3935 κάν
594 3882 638 3956 τῷ
657 3883 751 3957 κοινῷ
771 3873 826 3957 βίῳ
847 3889 912 3950 eqs
931 3876 1127 3954 congruunt,
1153 3877 1186 3936 et
1206 3891 1270 3936 una
1290 3891 1392 3936 enun-

222 3975 319 4042 tiatio
344 3975 465 4057 evadit,
491 3975 583 4041 cuius
607 3979 750 4041 membra
774 3977 822 4042 ita
846 3976 933 4042 inter
957 3997 992 4042 se
1016 3979 1203 4058 cohaerent,
1235 3984 1271 4042 ut
1295 3978 1393 4043 semel

222 4085 414 4164 parenthesi
442 4083 734 4164 interrumpentur.
788 4085 909 4149 Verum
940 4089 1049 4149 tamen
1081 4083 1196 4164 opinor
1225 4103 1392 4154 nnmerum

222 4189 486 4256 enuntiationum
516 4210 600 4271 quae
631 4197 709 4256 ante
733 4191 956 4272 parenthesim
978 4192 1134 4273 leguntur
1157 4195 1285 4256 tuntum
1310 4209 1390 4267 esse,

222 4302 259 4361 ut
284 4297 410 4362 animus
440 4297 474 4361 in
497 4297 608 4363 verbis
631 4301 705 4384 τῇδέ
727 4323 787 4364 που
812 4317 877 4377 eqs.
902 4297 1072 4362 audiendis
1097 4316 1162 4362 non
1186 4297 1283 4361 etiam
1307 4296 1393 4361 initii
