3268 5002
768 340 988 402 ,64-

382 536 490 601 Aliam
514 535 674 600 rationem
699 539 816 601 auctor
838 535 872 599 in
889 534 1015 600 duobus
1039 534 1173 615 reliquis
1196 534 1276 600 locis
1292 533 1473 600 laudandis

293 649 426 707 secutus
451 650 509 708 est.
556 645 682 722 ltaque,
708 650 881 723 postquam
906 642 1040 707 Homeri
1064 641 1299 707 Demosthenis
1316 640 1472 706 Platonis

293 769 421 815 errores
451 749 492 814 iis
523 769 606 830 (puae
634 751 716 814 bene
745 741 956 830 scripsissent
987 749 1084 830 louge
1109 749 1259 829 superari
1284 747 1472 825 contendit,

293 877 416 922 omnem
443 856 672 938 posteritatem
706 859 748 921 ad
773 875 828 920 eos
852 855 1013 921 victoriae
1038 855 1185 936 praemia
1209 855 1382 936 detulisse,
1417 857 1472 920 de-

292 965 362 1028 lata
392 964 521 1046 integra
555 982 689 1029 servare
722 982 760 1027 ao
790 970 996 1029 servaturam
1028 981 1100 1028 esse
1133 962 1212 1028 dicit
1237 962 1301 1029 ἔστ’
1327 967 1365 1029 ἂν
1390 967 1473 1048 ὕδωρ

292 1097 325 1138 τε
351 1074 403 1159 ῥέῃ
433 1076 485 1137 καὶ
510 1074 635 1158 δένδρεα
659 1076 764 1158 μακρὰ
795 1073 915 1157 τεθήλῃ
949 1071 1012 1151 (57,
1034 1073 1072 1154 l).
1128 1070 1230 1152 erem
1262 1089 1400 1136 versum
1436 1076 1473 1134 ut

293 1179 442 1244 omnibus
466 1185 578 1242 notum
603 1177 673 1241 sine
698 1177 765 1242 ulla
788 1176 1032 1242 introductione
1056 1177 1158 1258 ponit.
1212 1177 1265 1242 Ex
1295 1196 1335 1242 eo
1361 1184 1473 1242 autem

292 1293 428 1366 quattor
462 1304 615 1350 versuum
648 1284 883 1366 epigrammate
915 1286 1128 1365 depromptus
1162 1291 1223 1363 est,
1260 1286 1348 1364 quod
1385 1285 1472 1364 apud

292 1394 465 1458 Platonem
488 1392 521 1456 in
542 1393 692 1457 Phaedro
718 1411 747 1472 p.
764 1392 828 1455 264
836 1391 859 1454 C
884 1391 916 1455 in
934 1391 1054 1456 Midam
1073 1392 1231 1472 scriptum
1255 1411 1332 1456 esse
1353 1393 1472 1458 Socra-

292 1508 343 1565 tes
372 1499 452 1564 dicit
480 1499 661 1582 (Herselius
686 1519 715 1578 p.
732 1498 775 1583 6).
833 1498 886 1562 llli
913 1500 984 1563 loco
1015 1500 1126 1580 16,18
1151 1498 1370 1579 adnectimus,
1402 1499 1471 1578 qui-

292 1609 354 1672 bus
383 1614 500 1671 auctor
530 1607 706 1671 Homerum
741 1606 852 1670 eodem
884 1607 978 1670 modo
1012 1625 1075 1685 quo
1106 1608 1247 1671 Martem
1275 1607 1332 1674 vel
1364 1606 1471 1688 ignm

293 1713 403 1779 furere
427 1713 517 1791 dicit,
543 1731 616 1778 cum
640 1712 805 1794 exipsius
829 1712 964 1778 Homeri
985 1713 1087 1778 iliade
1109 1714 1265 1779 versusO
1292 1699 1492 1778 605-6074

292 1841 397 1902 parva
429 1820 611 1885 mutatione
649 1819 741 1884 laeta
778 1820 898 1886 adfert.
961 1821 1144 1906 (Herselius
1182 1841 1212 1902 p.
1247 1823 1304 1884 17:
1357 1820 1470 1904 ‘Quam

293 1934 430 2009 propter
445 1927 611 1993 licentiam
626 1927 668 1992 ‘in
694 1928 826 1993 citando
852 1935 1014 2009 sumptam
1035 1948 1100 1994 non
1117 1927 1394 2008 vituperabimus,
1416 1929 1468 1991 sed

292 2035 497 2100 laudabimus
529 2036 693 2100 rhetorem
716 2035 869 2101 'orationi
904 2055 983 2100 suae
1016 2035 1155 2108 nitorem
1179 2035 1469 2114 circumdantem.)

293 2141 367 2207 Alio
400 2145 494 2207 modo
519 2143 571 2222 28,
593 2143 634 2205 22
659 2141 795 2206 Homeri
824 2143 927 2208 uerba
956 2141 1110 2208 citantur.
1161 2142 1211 2206 lbi
1243 2150 1365 2208 auctor
1394 2140 1469 2206 dicit

292 2248 484 2330 Euripidem
516 2249 683 2331 ingenium
717 2268 810 2314 suum
843 2255 965 2313 natura
993 2269 1058 2314 uon
1090 2251 1211 2314 celsum
1241 2248 1468 2314 vehementius

293 2355 486 2422 reddidisse.
527 2355 631 2438 Quam
654 2355 894 2421 vehementiam
918 2356 1067 2421 versibus
1093 2357 1276 2422 Homericis
1303 2378 1345 2422 ex
1370 2355 1467 2421 iliade

293 2465 333 2546 (Y
360 2461 516 2545 170l171)
542 2463 743 2544 depromptis
768 2463 944 2545 depingere
969 2464 1089 2542 studet,
1115 2463 1233 2544 quibus
1257 2467 1365 2530 verba
1390 2463 1466 2542 ὡςὸ

292 2575 419 2659 ποιητής
436 2570 628 2652 praemittit.
648 2572 698 2637 Eo
712 2578 822 2636 autem
838 2571 908 2636 loeo
925 2571 1254 2653 Pseudo-Longinum
1273 2578 1410 2638 servato
1426 2571 1464 2649 δὲ,

293 2681 379 2758 quod
396 2679 581 2743 sententiae
598 2684 771 2760 repugnat,
792 2678 917 2742 hiatum
933 2678 1041 2743 vitare
1057 2677 1227 2742 Herselius
1244 2698 1273 2758 p.
1289 2681 1332 2743 18
1350 2682 1462 2743 monet.

382 2787 534 2850 Ceterum
562 2787 624 2849 hac
648 2785 681 2849 in
713 2804 748 2849 re
778 2785 882 2866 ipsius
913 2785 1201 2867 Pseudo-Longini
1233 2804 1293 2865 ope
1327 2794 1460 2860 utamur,

293 2893 349 2973 qui
364 2895 417 2970 28,
439 2895 457 2956 l
483 2894 629 2978 ἔκπληξιν
646 2891 716 2956 sive
740 2895 898 2980 ἐνάργειαν
915 2894 1062 2973 postulat
1083 2895 1152 2970 (οὐκ
1168 2897 1204 2960 ἂν
1221 2895 1318 2958 λάθοι
1335 2918 1382 2976 σε,
1408 2885 1459 2958 οὐδ’

293 3006 337 3066 ὅτι
365 3013 419 3086 τῆς
448 3004 501 3086 μὲν
531 3003 562 3064 ἐν
590 3001 710 3084 ποιήσει
740 2997 931 3086 [φαντασίας]
959 3002 1047 3078 τέλος
1075 3002 1156 3066 ἐστὶν
1180 3001 1336 3086 ἔκπληξις,
1367 3013 1420 3086 τῆς
1439 2991 1458 3060 δ’

293 3111 324 3174 ἐν
348 3110 451 3194 λόγοις
484 3109 635 3193 ἐνάργεια,
666 3109 834 3192 ἀμφότεραι
864 3105 890 3172 δ’
919 3111 1001 3191 ὅμως
1030 3109 1064 3172 τό
1088 3107 1334 3193 τε*ἐπιζητοῠοι
1359 3105 1463 3172 καὶτὸ

292 3213 580 3301 συγκεκινημὲνον);
621 3211 675 3294 (cf.
701 3214 730 3292 2,
752 3214 819 3293 2Ο);
845 3220 1022 3293 propterca
1046 3232 1150 3278 sermo
1176 3213 1358 3278 subitarios
1383 3227 1464 3276 ama-

293 3328 355 3386 tur.
413 3321 502 3384 idem
536 3321 647 3401 41,17
683 3320 798 3385 laudat
831 3320 863 3384 in
899 3321 1041 3385 Homero
1075 3321 1161 3400 quod
1195 3320 1233 3398 O,
1259 3319 1325 3383 348
1360 3315 1463 3383 subito

292 3427 447 3493 Hectoris
463 3429 565 3493 verba
588 3427 699 3491 intulit
725 3427 794 3491 sine
819 3431 924 3514 ἔλεγεν
943 3430 991 3506 δὲ;
1017 3429 1077 3491 hoo
1097 3426 1203 3507 ipsum
1225 3434 1276 3492 est
1293 3445 1353 3491 cur
1369 3423 1464 3490 ctiam
1523 3501 1524 3506 ἵ

293 3536 405 3600 rhetor
439 3541 609 3620 auctorum
637 3536 740 3599 verba
769 3533 878 3599 subito
907 3533 1000 3598 inicit
1032 3541 1065 3597 et
1094 3535 1145 3609 28,
1167 3535 1188 3597 9
1213 3541 1245 3598 et
1277 3536 1329 3614 34,
1351 3533 1393 3598 26
1424 3526 1461 3592 al.

293 3642 376 3724 Quin
407 3643 506 3708 etiam
531 3642 618 3721 57,l
652 3643 836 3723 asyndeton
869 3641 1035 3722 praetulit,
1070 3660 1110 3704 ne
1133 3648 1251 3721 poetae
1275 3642 1378 3707 verba
1401 3637 1463 3700 lae-

292 3751 394 3816 deret.

380 3857 432 3921 Ex
456 3858 568 3922 eodem
592 3855 755 3938 inopinati
779 3855 887 3921 studio
913 3855 1011 3919 etiam
1036 3856 1131 3936 plura
1154 3856 1401 3938 intelleguntur,
1429 3847 1461 3910 ill

292 3965 408 4045 paribus
431 3964 596 4029 immorari
620 3984 684 4028 non
710 3983 848 4045 possum,
878 3965 969 4029 velut
998 3981 1097 4044 saepe
1120 3963 1292 4045 genetivus
1321 3981 1360 4025 ex
1389 3957 1461 4021 sub-

292 4073 439 4138 stantivo
464 4090 642 4152 suspensus
667 4071 741 4136 huie
771 4070 979 4136 substantivo
1005 4069 1238 4151 praemittitur,
1263 4070 1340 4134 item
1364 4079 1460 4147 gene-

291 4179 379 4246 tivus
399 4178 655 4260 oonrparationis
675 4180 716 4261 (9,
735 4179 775 4242 27
799 4190 860 4244 τῶν
884 4181 1018 4266 ἐχόντων
1043 4182 1121 4243 αὐτὰ
1145 4181 1262 4264 μᾶλλον
1286 4182 1356 4252 τοὺς
1375 4177 1459 4238 δυνα-

292 4290 400 4374 μένους
417 4292 512 4374 ipsam
537 4287 589 4362 45,
609 4288 648 4351 12
670 4292 750 4353 ἔστιν
770 4284 847 4371 ἄρ’ὁ
868 4289 1039 4370 ἰδιωτισμος
1056 4287 1150 4350 ἐνίοτε
1172 4298 1225 4351 τοῦ
1242 4289 1360 4371 κόσμου
1379 4277 1459 4360 παρὰ

291 4398 370 4463 πολὺ
395 4395 691 4482 ἐμφανιστικὼτερον
716 4392 780 4476 al).
