3268 5002
688 335 903 399 -53-

210 531 258 570 **
282 533 508 614 πλουσιώτατοι,
533 534 681 617 καθάπερ
704 555 732 596 τι
755 533 900 618 πέλαγος,
925 535 967 609 είς
990 532 1244 618 ἀναπεπταμένον
1259 531 1387 617 κέχυται

208 642 353 726 πολλαχῇ
385 641 519 726 μέγεθος
550 640 601 721 24,
618 639 661 702 26
692 639 834 725 Κικέρων
865 641 906 717 ὡς
934 641 1115 726 ἀμφιλαφὴς
1142 663 1186 717 τις
1210 641 1388 725 ἐμπρησμὸς

209 746 291 833 οἶμαι
315 747 414 833 πάντη
434 748 555 832 νέμεται
579 750 631 812 καί
655 748 818 812 ἀνειλεῖται
842 746 952 817 26,17
977 749 1003 810 εί
1027 751 1068 832 μὴ
1093 744 1122 832 [ό
1146 748 1290 826 Πλάτων]
1319 749 1388 832 περί

207 854 424 939 πρωτείων-
440 859 515 939 πρὸς
534 852 679 941 Ὅμηρον,
705 856 746 931 ὡς
765 833 993 939 ἀνταγωνιστὴς
1012 854 1079 931 νέος
1102 856 1177 939 πρός
1195 855 1254 939 ἤδη
1274 855 1388 918 τεθαυ-
1441 842 1465 932 γ’

208 962 419 1046 μαομὲνον-
434 963 649 1046 διηριστεόετο.
691 957 754 1041 Qui
777 959 869 1024 locus
894 960 935 1023 ob
959 958 992 1023 iu
1016 978 1145 1038 quoque
1168 957 1387 1023 memorabilis

193 1072 269 1142 cst,
299 1068 386 1146 quod
414 1065 514 1131 etiam
538 1067 699 1132 Homerus
723 1085 796 1131 oum
820 1065 1011 1132 adversario
1037 1065 1102 1130 iarn
1125 1071 1276 1147 spectato
1301 1059 1386 1130 com·
1435 1055 1441 1062 ’

208 1178 355 1254 paratur.
389 1173 441 1254 30,
461 1173 502 1238 15
527 1177 579 1239 καί
604 1176 631 1239 oi
655 1172 733 1240 καθ’
752 1176 832 1260 ἡμᾶς
852 1177 943 1240 δεινοί
963 1175 1088 1260 ῥήτορες
1107 1175 1255 1259 καθάπερ
1275 1175 1302 1238 οί
1317 1197 1388 1259 τρα-

207 1285 302 1368 γῳδοί
326 1283 490 1367 βλέπουσιν
513 1280 652 1368 Ἐρινύας
675 1281 765 1363 34,1
791 1283 827 1346 εί
842 1279 871 1366 [ὁ
895 1278 1013 1367 κριτὴς]
1039 1283 1080 1358 ὡς
1103 1292 1174 1358 παῖς
1198 1286 1305 1366 ἄφρων
1328 1283 1388 1346 ύπό

207 1389 345 1474 τεχνίτου
370 1391 497 1475 ῥήτορος
520 1389 700 1475 σχηματίοις
728 1389 978 1474 κατασοφίζεται.
1027 1388 1141 1469 36,17
1166 1387 1219 1454 εἶτ’
1243 1389 1388 1454 ἐντεῦθεν

207 1497 299 1561 πάλιν
324 1493 428 1582 [Δημ]
453 1497 495 1572 ὡς
519 1497 549 1560 αί
572 1496 747 1580 καταιγίδες
770 1497 869 1582 ἀλλην
892 1497 1072 1581 ποιούμενος
1095 1497 1240 1581 ἐμβολήν.
1278 1493 1388 1576 52,14

208 1599 389 1688 [Ὑπερίδης]
414 1605 478 1668 ἐστί
502 1605 613 1688 σχεδόν
637 1607 774 1688 ύπακρος
799 1605 831 1668 ἐν
855 1614 947 1668 πᾶσιν
968 1604 1009 1679 ὡς
1032 1604 1049 1667 ὁ
1073 1603 1258 1678 πένταθλος.
1297 1603 1327 1682 2,
1346 1600 1387 1664 26

208 1712 285 1794 ύψος
301 1710 335 1774 δὲ
351 1732 410 1774 που
426 1710 553 1795 καιρίως
569 1711 734 1795 ἐξενεχθὲν
750 1711 788 1774 τά
803 1733 836 1774 τε
852 1711 1019 1795 πράγματα
1032 1710 1119 1794 δίκην
1132 1721 1271 1794 σκηπτοῦ
1288 1710 1388 1774 πάντα

207 1817 397 1902 διεφόρησεν.
430 1817 482 1896 49,
502 1817 543 1880 13
563 1814 860 1898 praetermittatur,
881 1813 958 1895 quia
977 1833 1090 1881 veram
1109 1813 1387 1895 comparationem

207 1941 271 1987 non
298 1921 440 1987 exhibet.

296 2029 336 2093 In
372 2028 477 2093 altero
508 2027 789 2108 comparationum
824 2028 971 2094 brevium
1007 2046 1127 2112 genere
1162 2027 1388 2108 praedicatum

212 2134 271 2200 nisi
298 2136 341 2200 ad
370 2134 606 2201 enuntiationis
643 2135 825 2201 subiectum
852 2154 917 2199 non
949 2140 1089 2218 spectat,
1122 2144 1155 2200 ct
1184 2133 1386 2216 comparatio

209 2241 294 2306 inter
313 2243 396 2307 duas
415 2260 468 2306 res
484 2241 590 2306 locum
606 2242 716 2323 habet,
738 2261 810 2307 cum
829 2244 870 2308 de
887 2241 1016 2307 actione
1032 2261 1097 2307 non
1116 2248 1252 2325 agatur:
1274 2242 1326 2324 43,
1346 2243 1385 2305 11

209 2347 366 2435 ]ΙΙλάτων]
397 2353 544 2437 καθάπερ
577 2352 724 2437 ἁρμονίαν
755 2356 822 2417 τινὰ
851 2356 906 2437 τὴν
931 2353 967 2416 ἐκ
991 2363 1044 2436 της
1068 2353 1281 2437 περιφράσεως
1304 2373 1387 2436 περι-

207 2459 358 2543 χεάμενος
381 2459 553 2543 εύμὲλειαν;
577 2458 687 2539 54,14
712 2461 817 2543 ἐπειδὴ
838 2455 1067 2544 ]Δημοσθένης]
1087 2469 1184 2523 ταῦτα
1204 2455 1387 2544 [ὑψηγορίας

207 2567 305 2646 τόνον,
330 2568 456 2650 ἔμψυχα
484 2567 573 2651 πάθη
598 2564 677 2650 θῦε]
701 2603 745 2610 -
769 2568 810 2642 ὡς
834 2567 1019 2651 θεόπεμπτα
1043 2567 1127 2630 δεινά
1151 2566 1318 2650 δωρήματα
1342 2601 1385 2608 -

207 2675 313 2757 ἀθρόα
341 2674 383 2749 είς
412 2673 520 2737 ἑαυτὸν
549 2676 696 2751 ἔσπασεν;
723 2673 772 2739 17.
798 2672 839 2734 22
865 2671 928 2738 οίον
952 2675 1187 2757 ὑποχωροῦντος
1211 2673 1252 2747 είς
1277 2672 1386 2736 ἑαυτὸν

208 2780 359 2845 Ὠκεανοῦ
383 2782 435 2843 καί
459 2782 527 2865 περί
550 2783 589 2844 τά
611 2783 673 2844 ίδια
700 2780 795 2865 μὲιρα
814 2780 1023 2865 ἐρημουμὲνου
1047 2783 1082 2843 τό
1101 2780 1208 2844 λοιπόν
1228 2778 1385 2864 φαίνονται

207 2899 260 2951 τοῦ
286 2887 440 2972 μεγέθους
463 2887 637 2972 ἀμπώτιδες
661 2903 741 2965 cqs.;
772 2886 825 2962 44,
852 2885 892 2949 17
922 2887 1080 2971 ὀνομάτων
1110 2888 1226 2970 ἐκλογὴ
1251 2886 1386 2971 μέγεθος

208 2997 281 3078 ἅμα,
305 2994 443 3069 κάλλος.
461 3046 466 3057 .
485 3043 491 3056 .
509 3004 572 3071 τοῖς
595 2994 698 3078 λόγοις
722 2996 826 3079 ὥσπερ
851 2995 1009 3079 ἀγάλμασι
1033 2994 1211 3070 καλλίστοις
1235 2991 1273 3058 δι’
1292 2995 1386 3078 αύτης

207 3103 357 3166 ἐπανθεῖν
385 3101 683 3185 παρασκευάζουσα;
715 3100 766 3182 26,
791 3101 811 3164 5
839 3103 901 3166 ἀπό
930 3113 983 3186 τῆς
1007 3111 1068 3166 τιῦν
1091 3101 1229 3186 ἀρχαίων
1254 3103 1386 3186 μεγαλο·

208 3210 298 3291 φυῖας
322 3209 363 3283 είς
387 3211 441 3283 τὰς
468 3218 530 3272 τῶν
559 3209 734 3293 ζηλούντων
763 3208 898 3284 ἐκείνους
929 3210 1030 3293 ψυχάς
1054 3209 1095 3285 ὡς
1119 3210 1180 3273 ἀπὸ
1205 3209 1293 3293 ἱερῶν
1316 3231 1386 3272 στο-

208 3314 284 3400 μίων
308 3315 469 3400 ἀπορροιαί
496 3338 574 3392 τινες
604 3315 762 3400 φὲρονται;
794 3314 846 3395 38,
872 3314 913 3378 18
944 3315 1148 3399 Δημοσθένης
1175 3318 1227 3378 τόν
1257 3325 1328 3379 νοῦν
1352 3317 1386 3379 όν
1475 3307 1477 3311 ’

208 3424 349 3508 ὥρμησεν
379 3424 474 3487 εἰπεῖν
504 3424 721 3507 ἀνακρεμάσας
751 3425 803 3486 καί
837 3422 950 3507 μεταξύ
981 3422 1022 3498 ὡς
1054 3423 1096 3496 είς
1126 3423 1303 3505 ἀλλόφυλον
1333 3425 1386 3486 καί

208 3530 387 3593 ἀπεοικυῖαν
409 3530 494 3607 τάξιν
509 3527 579 3594 ἀλλ’
609 3527 656 3593 ἐπ’
672 3531 778 3606 ἀλλοις
794 3530 1022 3606 ἐπεισκυκλιῦν,
1048 3526 1099 3602 55,
1127 3528 1165 3592 11
1187 3530 1207 3613 ἡ
1229 3530 1318 3612 φύσις
1344 3530 1386 3606 ὡς

207 3637 249 3712 είς
279 3637 416 3722 μεγάλην
445 3640 512 3701 τινὰ
540 3638 709 3722 πανήγυριν
738 3639 779 3712 είς
808 3641 860 3701 τόν
888 3636 953 3722 βίον
976 3637 1056 3721 ἡμᾶς
1084 3638 1137 3699 καί
1165 3637 1206 3712 είς
1234 3639 1286 3700 τδν
1310 3637 1385 3720 σύμ-

208 3765 308 3808 ταντα
337 3744 454 3829 κόσμον
483 3745 657 3828 ἐπάγουσα;
687 3743 738 3824 51,
760 3742 779 3806 3
801 3745 833 3809 ἐν
859 3754 921 3821 τοῖς
942 3743 1116 3828 μεγέθεσιν,
1142 3745 1246 3827 ὥσπερ
1271 3745 1385 3821 ἐντοῖς

207 3853 286 3934 ἀγαν
310 3851 462 3932 πλούτοις,
487 3849 563 3916 είναί
586 3874 613 3915 τι
637 3855 697 3936 χρὴ
722 3853 775 3915 καί
799 3852 1122 3936 παρολιγωρούμενον;
1147 3850 1198 3930 37,
1225 3849 1265 3911 15
1290 3851 1317 3913 οί
1341 3862 1384 3936 τῷ

207 3960 268 4021 ιόντι
299 3958 488 4042 ὀργιζόμενοι
516 3959 615 4044 πάντη
645 3962 719 4043 πρός
748 3970 802 4043 τῆς
830 3958 963 4042 ἀγωνίας
992 3960 1034 4034 ὡς
1062 3955 1112 4021 ὑπ’
1137 3957 1271 4021 ἀστάτου
1294 3960 1384 4024 πνεύ-

206 4085 300 4147 ματος
323 4066 396 4148 τιζηδε
418 4067 547 4130 κάκεῖσε
570 4067 786 4151 ἀγχιστρόφως
811 4065 1043 4150 ἀντισπώμενα.

294 4168 440 4233 Tertium
465 4170 602 4250 (lemque
626 4171 772 4236 brevium
798 4171 1072 4250 comparationum
1091 4189 1194 4249 genus
1218 4171 1250 4234 id
1276 4177 1326 4235 est
1348 4171 1382 4235 in

205 4294 266 4355 quo
290 4263 342 4339 res
365 4277 441 4359 sola,
471 4296 606 4358 quacum
631 4276 697 4341 alia
721 4277 894 4359 confertur,
918 4297 982 4341 non
1004 4277 1076 4358 ipsa
1104 4295 1155 4340 res
1184 4297 1267 4357 quae
1299 4298 1381 4342 com-

205 4387 350 4466 paratur,
380 4402 532 4466 expressa
556 4389 613 4448 est.
660 4385 746 4448 Sunt
770 4389 923 4464 quattuor
947 4384 980 4448 hi
1003 4384 1077 4449 loci:
1102 4385 1189 4467 6,13
1213 4387 1316 4451 πολλὰ
1339 4423 1382 4430 -
