3268 5002
720 258 940 322 ..pp-

237 489 307 536 Ν,
332 487 436 536 222,
460 489 602 518 --2---4
644 454 690 518 lis
714 454 798 520 enim
821 453 963 518 numeris
986 453 1164 518 orationem
1187 446 1289 518 nimis
1304 473 1413 518 nume-

237 579 342 625 rosam
370 560 445 624 iieri
465 560 638 642 contendit,
663 579 766 642 neque
790 559 953 625 auditores
978 565 1054 624 ante
1078 559 1200 641 periodi
1224 559 1319 624 finem
1343 559 1413 639 quis

239 666 307 732 eius
331 667 437 732 exitus
460 667 589 734 iuturus
613 666 656 732 sit
678 667 838 748 ignorare.

331 773 450 838 llodem
467 773 574 855 capite
590 779 747 856 monetur,
763 793 803 838 ue
819 775 963 838 membra
979 773 1133 838 orationis
1149 773 1270 837 maiore
1282 793 1413 838 nurnero

238 880 409 945 verborum
447 899 529 960 quae
567 880 683 946 brevia
716 885 749 946 et
781 898 958 960 paucarum
990 880 1189 972 syllabarum
1222 879 1287 944 sint
1319 879 1413 944 nimis

236 985 430 1052 incidantur.
471 988 521 1052 Ea
544 989 614 1052 lere
637 1008 656 1052 a
672 989 802 1051 rhetore
818 988 858 1050 de
873 985 1028 1050 orationis
1044 986 1185 1051 numeris
1201 990 1412 1067 exponuntur.

238 1095 352 1173 ltaque
382 1113 453 1158 cunr
481 1113 542 1158 non
572 1093 716 1172 ignotum
740 1093 783 1157 sit
807 1113 826 1158 a
852 1092 963 1156 multis
986 1091 1197 1173 scriptoribus
1221 1097 1254 1156 et
1278 1091 1414 1157 Graecis

238 1205 271 1264 et
286 1200 414 1265 Latinis
438 1204 477 1264 de
502 1201 604 1266 variis
627 1199 768 1266 numeris
793 1205 825 1266 et
849 1219 910 1280 quo
930 1200 1063 1279 quisque
1079 1200 1146 1263 loco
1163 1200 1290 1264 valeret
1306 1203 1413 1263 actum

237 1326 314 1385 esse,
344 1312 488 1372 nostrum
517 1312 566 1371 est
594 1310 772 1388 ostendere,
799 1311 959 1386 quatenus
987 1304 1292 1386 Pseudo-Longinus
1319 1325 1412 1386 prae·

237 1418 333 1494 cepta
361 1432 443 1493 quae
471 1414 511 1476 de
539 1413 679 1478 numeris
707 1413 798 1477 dedit
825 1413 894 1494 ipse
922 1412 1147 1479 observaverit
1176 1417 1209 1476 et
1232 1430 1293 1492 quo
1322 1415 1413 1476 modo

237 1518 415 1584 «irationem
440 1538 640 1584 numerosam
664 1519 851 1584 reddiderit.

327 1626 444 1706 Itaque
469 1624 496 1690 si
520 1625 623 1707 primo
647 1625 718 1690 loco
743 1625 938 1706 quaerimus
964 1644 1038 1690 num
1059 1624 1200 1705 scriptor
1219 1645 1318 1706 saepe
1338 1627 1411 1690 bre·

236 1732 333 1798 vibus
359 1731 467 1798 verbis
496 1751 575 1798 usus
607 1732 661 1813 sit,
693 1732 795 1814 primo
819 1731 895 1797 libri
919 1731 1028 1813 capite
1051 1731 1139 1796 inter
1162 1732 1226 1797 312
1250 1733 1412 1798 vocabula

238 1838 301 1904 125
330 1838 509 1920 reperimus
539 1857 624 1919 quae
655 1838 858 1921 singularum
887 1838 1087 1920 syllabarum
1116 1845 1202 1904 sulit.
1255 1839 1294 1904 Id
1325 1841 1411 1918 quod

236 1964 302 2012 non
327 1951 394 2010 tarn
417 1945 532 2010 mirum
556 1944 586 2010 ei
610 1944 784 2024 videbitur,
810 1944 838 2010 si
857 1946 930 2024 quis
950 1944 1209 2010 consideraverit
1227 1945 1261 2010 in
1281 1945 1410 2010 Graeco

237 2070 385 2118 sermone
401 2070 613 2134 permagnum
631 2071 799 2142 numerum
815 2052 1051 2141 particularum
1067 2089 1110 2099 -
1126 2058 1161 2115 et
1180 2070 1292 2116 earum
1312 2071 1412 2134 saepe

236 2157 462 2223 enclitiearum
495 2196 536 2204 —
570 2177 654 2238 quae
687 2158 889 2242 singularum
923 2157 1123 2240 syllabarum
1156 2157 1232 2240 sint,
1269 2166 1411 2225 exstare.

236 2265 360 2330 Eodem
394 2264 503 2346 capite
536 2267 576 2330 77
606 2267 768 2331 vocabula
801 2284 884 2344 quae
917 2264 1067 2330 binarum
1100 2264 1300 2346 syllabarum
1333 2272 1412 2331 sunt

235 2370 405 2454 leguntur3
438 2378 605 2437 ternarum
637 2372 837 2454 syllabarum
860 2371 1094 2438 vocabulorum
1124 2391 1277 2436 numerus
1307 2372 1412 2436 minor

237 2485 298 2559 est,
325 2496 397 2543 curn
421 2477 490 2543 eius
514 2475 644 2562 generis
668 2477 731 2543 nisi
755 2479 797 2543 54
817 2497 883 2543 non
906 2477 1127 2545 inveniantur.
1173 2477 1316 2543 Dimidia
1341 2478 1411 2544 fere

237 2604 315 2666 pars
339 2584 379 2650 iis
399 2583 567 2650 vocabulis
590 2582 753 2650 formatur
772 2603 855 2664 quae
875 2590 1055 2664 quaternas
1075 2592 1107 2649 et
1128 2585 1245 2666 quinas
1266 2585 1411 2665 syllabas

236 2693 376 2774 babent3
401 2691 457 2756 illa
481 2693 565 2756 enirn
590 2693 641 2772 25,
667 2693 748 2756 haee
772 2693 814 2754 26
839 2698 924 2756 suut.
981 2691 1043 2756 His
1067 2698 1225 2771 quattuor
1248 2693 1410 2757 vocabula

237 2817 390 2863 senarum
414 2797 614 2880 syllabarum
638 2798 844 2862 adnectenda
869 2805 945 2864 suut
970 2805 1002 2863 et
1028 2805 1238 2878 septenarum
1267 2817 1373 2863 unum.
1387 2799 1409 2882 ¹)

326 2906 446 2970 Verum
469 2903 603 2969 maioris
627 2904 780 2970 momenti
804 2924 900 2984 quam
924 2905 1127 2970 enumeratio
1152 2905 1352 2986 syllabarum
1371 2926 1405 2970 ea

238 3010 387 3090 quaestio
408 3016 539 3090 estque
558 3009 799 3094 interrogamus
819 3030 882 3090 quo
902 3013 996 3076 modo
1020 3011 1134 3076 rhetor
1160 3011 1291 3094 singula
1309 3015 1406 3078 verba

236 3118 331 3184 iuxta
354 3117 502 3198 posuerit
521 3123 555 3182 et
574 3122 683 3183 utrum
703 3137 801 3198 saepe
820 3137 972 3200 magnum
992 3137 1160 3182 numerum
1179 3120 1411 3184 vocabulorum

238 3223 334 3290 liuius
351 3224 403 3288 vel
419 3226 556 3290 duarum
573 3224 774 3306 syllabarum
791 3224 998 3289 coniunxerit
1014 3242 1125 3289 necne.
1165 3225 1284 3305 ltaque
1299 3228 1412 3291 eodem

237 3331 347 3412 eapite
375 3330 479 3413 primo
508 3332 608 3396 semel
638 3339 768 3396 tantum
793 3332 953 3396 vocabula
983 3330 1185 3414 singularum
1210 3333 1412 3414 syllabarum

237 3438 290 3504 vel
314 3437 463 3502 binarum
487 3457 524 3503 eo
550 3437 663 3503 ordine
682 3438 847 3521 leguntur,
872 3445 910 3503 ut
929 3437 971 3501 20
988 3438 1133 3518 syllabas
1153 3439 1308 3503 efficiant.
1342 3441 1412 3504 Nec

237 3544 369 3625 saepius
404 3544 517 3609 eadem
550 3546 724 3610 verborum
760 3545 995 3625 compositione
1030 3544 1210 3624 duodenae,
1250 3547 1410 3625 undenae,

237 3653 351 3732 denae,
387 3670 545 3730 novenae,
587 3659 726 3716 octonae
769 3653 916 3732 syllabae
952 3651 1134 3731 explentur.
1195 3653 1258 3717 Sed
1293 3659 1412 3732 quater

237 3764 458 3839 septenarum.
482 3758 654 3838 quinquies
679 3777 841 3836 senarum,
867 3758 974 3823 sexies
997 3757 1179 3838 quinarum,
1205 3759 1312 3823 decies
1331 3778 1412 3839 qua-

237 3872 415 3944 ternarum,
449 3871 568 3945 quater
600 3863 708 3930 decies
741 3871 910 3929 ternarum
939 3864 1139 3946 syllabarum
1168 3865 1270 3930 series
1297 3885 1411 3930 mono-

237 3971 373 4054 syllabis
393 3971 444 4036 vel
464 3970 634 4053 bisyllabis
654 3971 821 4037 vocabulis
839 3971 933 4036 iuxta
952 3971 1070 4052 positis
1090 3970 1261 4037 formatur.
1292 3974 1411 4053 ltaque

237 4097 294 4144 sex
325 4077 391 4142 illis
417 4077 498 4142 locis
526 4077 644 4158 quibus
673 4097 738 4144 non
769 4077 907 4158 amplius
939 4079 981 4142 70
1011 4077 1158 4159 syllabae
1187 4079 1409 4156 eontinentur,

320 4190 348 4288 ⁸¹)
368 4189 533 4272 (letonerum
546 4220 713 4287 syllabarum
731 4219 865 4272 vocabula
885 4235 907 4273 e.
921 4236 948 4288 g.
961 4221 1027 4272 haec
1047 4219 1152 4273 adiero:
1171 4220 1230 4287 3‚8
1247 4221 1411 4271 κατασκελε-

237 4313 371 4374 tempere.
391 4309 460 4364 17.2
478 4311 735 4374 προσεπιθεωρητέον
754 4311 797 4362 ¹27.
810 4311 843 4362 21
863 4312 1182 4373 παρασκευαστικώτατιι.
