3268 5002
769 281 989 344 -60-

384 475 507 558 Quibus
531 477 626 540 rebus
647 475 808 558 expositis,
825 481 999 557 antequam
1016 479 1057 542 ad
1073 476 1219 557 quintam
1235 476 1347 542 totius
1365 477 1485 542 dissor-

295 582 428 647 tationis
456 588 583 664 partem
610 583 809 664 progrediar,
837 586 877 648 de
906 585 1030 649 duabus
1059 585 1154 649 rebus
1184 584 1288 649 etiam
1320 584 1486 650 disserere

295 689 372 755 mibi
395 688 502 773 liceat,
532 709 624 772 quae,
648 710 841 770 quamquam
865 709 968 771 neque
991 690 1025 755 in
1049 690 1161 772 figuris
1183 711 1294 772 neque
1319 691 1356 756 in
1382 692 1487 774 tropis

294 798 513 861 numerandae
550 801 633 875 sunt,
671 801 780 861 tamen
817 797 938 877 aliquid
973 800 1013 861 ad
1046 798 1284 864 sublimitatem
1323 799 1487 864 orationis

295 906 475 986 augendam
500 904 629 969 adferre
653 908 792 985 possunt.
831 906 962 984 Loquar
978 904 1062 969 enim
1079 907 1118 970 de
1135 906 1263 970 ratione
1282 926 1352 987 qua
1369 912 1487 972 auctor

294 1010 473 1076 sententias
501 1011 651 1078 universe
680 1011 783 1076 dictas
811 1011 949 1076 orationi
977 1011 1152 1077 inseruerit
1179 1019 1212 1077 et
1235 1013 1384 1078 aliorum
1411 1033 1486 1078 auc·

294 1125 400 1184 torum
423 1121 507 1185 locos
532 1118 689 1183 attuderit.

383 1229 432 1292 Ac
449 1226 587 1308 primum
602 1225 737 1308 quddam,
755 1245 825 1290 cum
842 1226 911 1291 sine
927 1227 1023 1291 dubio
1045 1228 1271 1292 sententiae
1292 1229 1485 1296 universo

294 1334 423 1426 dictae
447 1336 488 1398 ad
512 1331 745 1398 sublimitatem
768 1332 907 1398 orationi
931 1333 1191 1400 circuundandam
1215 1337 1369 1419 valeant,
1405 1358 1483 1402 non-

293 1443 383 1506 nulla
407 1439 522 1505 talium
546 1439 789 1522 sententiarum,
814 1460 894 1520 quas
918 1446 1031 1506 auctor
1055 1442 1274 1524 compluribus
1300 1443 1386 1509 locis
1411 1465 1481 1509 ora-

294 1548 374 1613 tioni
390 1547 537 1625 inseruit,
556 1549 703 1630 exempla
719 1548 917 1612 adieramus:
942 1549 971 1631 9,
990 1549 1008 1611 7
1025 1548 1078 1635 ἀφ’
1096 1549 1138 1616 ὧν
1157 1555 1217 1637 γὰρ
1242 1554 1320 1638 ἡμῖν
1338 1555 1480 1638 τάγαθά,

293 1660 405 1744 σχεδὸν
429 1654 482 1721 ἀπ’
506 1660 607 1722 αὐτῶν
631 1658 747 1722 τούτων
771 1659 822 1720 καὶ
846 1660 885 1720 τὰ
908 1659 994 1720 κακὰ
1017 1661 1178 1742 γεννᾶσθα
1202 1661 1295 1744 ιριλεῖ.
1362 1661 1415 1742 12,
1442 1661 1480 1723 12

293 1768 370 1851 ὕψος
408 1764 680 1850 μεγαλοφροσύνης
717 1764 878 1850 ἀπήχνγμα.
936 1763 988 1842 33,
1024 1765 1065 1828 13
1107 1763 1275 1850 [διδάσκων
1319 1765 1381 1852 ὅτι]
1423 1771 1479 1832 κάν

295 1873 488 1958 βακχεύμασι
519 1872 624 1956 νήφειν
656 1873 833 1956 ἀναγκαῖον.
888 1871 940 1951 39,
967 1871 1008 1934 24
1039 1869 1119 1956 [ἐπεί
1148 1871 1206 1957 τοι]
1242 1878 1279 1938 τὸ
1315 1887 1479 1960 πανταχοῦ

294 1978 442 2056 κώδωνας
470 1979 604 2064 ἐξῆρθαι
634 1979 701 2043 λίαν
732 1981 919 2063 σοφιστικόν.
972 1978 1024 2058 44,
1050 1977 1092 2041 20
1123 1991 1189 2064 φῶς
1220 1977 1307 2066 [γὰρ]
1340 1993 1386 2068 τῷ
1421 1987 1477 2047 ὄντι

293 2089 370 2151 ἴδιον
393 2097 447 2150 τοῦ
472 2098 524 2151 νοῦ
548 2089 586 2149 τὰ
609 2087 693 2150 καλὰ
717 2087 861 2170 ὀνόματα.
909 2077 999 2166 49,8
1025 2084 1185 2172 [καὶγὰρ]
1210 2089 1349 2172 ὁγὲλως
1375 2091 1478 2164 πάθος

295 2194 327 2258 ἐν
350 2194 455 2278 ἡδονῇ.
508 2191 560 2271 51,
588 2191 604 2252 1
638 2189 713 2277 [ἐγὼ
737 2190 763 2256 δ’
788 2191 855 2256 οῖδα
879 2195 943 2277 μὲν,
974 2189 1027 2276 ὡς]
1059 2195 1089 2257 αἱ
1120 2195 1349 2279 ὑπερμεγέθεις
1375 2197 1477 2281 φύσεις

293 2303 406 2384 ἥκιστα
425 2299 575 2386 καθαραί.
616 2299 667 2376 51,
686 2299 705 2361 2
729 2303 764 2363 τὸ
781 2296 862 2385 [γὰρ]
888 2301 920 2365 ἐν
943 2302 1033 2364 παντὶ
1051 2291 1180 2386 Ιοἰκριβὲς
1203 2301 1348 2379 κίνδυνος
1374 2303 1475 2388 μικρο-

293 2430 392 2493 τητος.
449 2406 501 2483 57,
536 2405 556 2470 5
590 2409 678 2492 φύσει
709 2403 765 2491 [δὲ]
795 2409 921 2492 λογικὸν
949 2409 965 2471 ὁ
994 2410 1171 2493 ἄνθρωπος.
1228 2407 1281 2488 67,
1316 2409 1360 2474 14
1395 2411 1472 2496 ῥᾴδι-

295 2538 328 2581 ον
353 2511 374 2600 [,
397 2552 440 2558 -
469 2513 493 2578 ὧ
522 2511 682 2600 βέλτιστα]
712 2517 764 2578 καὶ
787 2517 862 2580 ἴδιον
887 2514 1056 2600 ἀνθρώπου
1080 2519 1115 2580 τὸ
1139 2515 1410 2602 καταμέμφεσθαι
1439 2517 1473 2579 τοι

295 2625 341 2687 ἀεὶ
365 2623 512 2707 παρόντα.

384 2727 446 2812 Qui
470 2747 620 2792 numerus
644 2727 880 2793 sententiarum
904 2727 1055 2794 universe
1079 2729 1239 2794 dictarum
1263 2729 1411 2796 fortasse
1434 2728 1469 2792 ab

295 2835 402 2917 aliquo
426 2839 574 2917 augetur,
599 2854 669 2899 cum
693 2854 755 2899 non
779 2855 905 2916 semper
928 2835 997 2900 siue
1027 2837 1093 2899 ulla
1121 2816 1328 2902 dubitatione
1359 2833 1465 2902 diiudi·

296 2942 364 3008 oari
396 2941 505 3025 possit,
538 2946 647 3006 utrum
675 2941 858 3006 sententiae
886 2961 1016 3024 prorsus
1049 2942 1200 3008 universe
1228 2945 1383 3025 prolatae
1412 2941 1466 3007 siut

296 3070 338 3115 an
366 3053 408 3114 ad
435 3050 536 3114 solum
564 3050 667 3114 locum
696 3053 844 3131 spectent
872 3068 933 3129 quo
962 3054 1101 3114 exstant.
1156 3050 1219 3114 Sed
1247 3055 1326 3116 utut
1361 3070 1414 3115 res
1441 3065 1470 3111 se

295 3158 404 3239 babet,
433 3155 532 3222 etiam
557 3175 596 3220 ex
619 3155 685 3220 illis
708 3155 819 3238 paucis
844 3155 998 3237 exemplis
1017 3156 1156 3221 rhetoris
1176 3176 1229 3221 ars
1249 3157 1386 3223 videtur
1409 3156 1470 3220 elu-

299 3283 379 3348 cere,
404 3263 458 3345 qui
482 3263 659 3328 orationem
684 3263 785 3329 variis
809 3263 940 3328 fioribus
965 3264 1189 3345 consperserit.

384 3373 495 3452 Neque
524 3390 602 3438 vero
629 3370 663 3435 in
692 3390 731 3436 ea
758 3373 826 3436 sola
855 3390 891 3435 re
919 3371 1102 3436 sublimitas
1131 3375 1289 3452 quaedam
1319 3370 1471 3448 cermtur,

300 3499 412 3545 verum
437 3478 534 3544 etiam
558 3478 592 3542 in
619 3479 723 3542 forma
752 3499 815 3560 qua
843 3479 1026 3543 sententiae
1054 3478 1088 3543 iu
1117 3483 1270 3544 contextu
1299 3481 1471 3546 verborum

295 3587 421 3669 positae
445 3591 529 3651 sunt.
575 3587 659 3651 Nam
684 3606 754 3651 cum
782 3586 860 3651 illae
888 3587 1071 3651 sententiae
1099 3588 1267 3652 absolutae
1296 3584 1471 3653 brevitate,

296 3713 379 3775 quac
403 3693 523 3759 talibus
548 3693 719 3758 sententiis
743 3693 862 3774 optime
886 3693 1043 3775 congruit,
1067 3692 1210 3774 insignes
1234 3693 1308 3777 sint,
1338 3693 1371 3758 id
1396 3706 1468 3770 quo-

295 3821 358 3883 que
386 3801 518 3868 videtur
546 3799 682 3866 sublime
711 3820 788 3883 esse,
818 3803 901 3881 quod
930 3800 965 3864 in
992 3799 1032 3864 iis
1060 3800 1182 3866 oraoudi
1211 3801 1316 3866 instar
1345 3812 1470 3877 semper

296 3911 378 3975 ἐστὶν
401 3906 573 3973 omittitur.
582 3907 607 3993 1)

384 4017 488 4099 Quam
512 4015 670 4081 rationem
694 4016 787 4082 verbi
811 4015 1009 4082 substantivi
1034 4019 1116 4096 quod
1141 4021 1277 4082 vocatur
1300 4004 1467 4079 omittendi

296 4128 409 4189 auctor
432 4128 604 4205 tantopere
627 4130 724 4207 amat,
748 4129 786 4189 ut
808 4124 843 4188 in
867 4143 993 4204 quaque
1012 4124 1082 4187 iere
1100 4123 1203 4188 libelli
1222 4123 1343 4206 pagiua
1362 4134 1465 4184 exeru-

386 4266 404 4335 1)
426 4266 572 4331 Utramque
595 4281 651 4318 rem
675 4266 709 4318 ad
729 4267 880 4319 sententias
899 4265 1041 4318 absolutas
1061 4281 1128 4330 quae
1155 4263 1183 4318 in
1203 4262 1350 4320 Democriti
1373 4253 1464 4312 ethicis

297 4360 408 4410 exstant
426 4355 564 4423 pertinere
582 4353 687 4409 Birtius
702 4353 823 4409 ostendit
843 4355 869 4424 (l.
890 4356 908 4407 l.
928 4370 953 4421 p.
974 4355 1044 4423 181),
