3268 5002
659 349 880 412 „35-

181 549 288 613 denuo
318 546 395 611 illae
426 546 510 611 duae
541 544 737 626 phantasiae
768 548 1020 624 comparantur;
1053 541 1217 607 oratoriae
1249 545 1356 606 antem

181 652 380 734 phantasiae
408 652 503 717 finem
533 670 605 717 esse
636 651 882 732 praecisionem,
915 649 1064 731 poeticae
1088 647 1358 730 perspicuitatem

181 779 298 826 rerum.
345 760 397 838 36,
424 760 465 822 22
490 760 530 823 de
554 758 665 823 eodem
690 758 911 822 Demosthene
935 756 1068 836 eiusque
1092 755 1259 820 Midianae
1284 773 1357 818 ora-

182 849 282 932 tionis
303 866 513 949 paragrapho
533 865 583 927 72.
610 863 730 947 agitur,
753 883 836 944 quae
858 863 964 928 oratio
986 861 1200 927 tumultuario
1221 859 1359 926 adfectu

184 977 306 1037 currat.
354 973 467 1053 37,19
491 971 595 1052 primo
620 977 653 1035 et
677 971 777 1037 tertio
802 969 989 1036 sententiae
1012 971 1154 1033 membro
1180 973 1358 1062 naturast

181 1099 237 1145 ars
270 1079 357 1144 inter
390 1097 425 1143 se
459 1084 681 1160 opponuntur,
716 1079 859 1142 secundo
892 1083 926 1141 et
959 1081 1077 1156 quarto
1112 1074 1255 1156 scriptor
1278 1073 1358 1138 dicit

181 1187 312 1267 quando
337 1190 478 1265 utraque
502 1183 672 1265 plurimum
697 1185 817 1250 valeat.
864 1184 958 1247 lllam
982 1181 1164 1263 perfectam
1189 1199 1262 1246 1111
1286 1198 1358 1244 cum

181 1296 303 1358 natura
328 1311 400 1356 esse
423 1292 586 1372 videatur,
618 1291 703 1355 hanc
732 1309 804 1356 cum
836 1290 963 1355 occulte
988 1307 1059 1355 cum
1084 1295 1158 1354 arte
1182 1286 1358 1353 coniuncta

182 1399 234 1464 sit.
281 1399 334 1476 56,
359 1399 379 1462 8
407 1397 503 1463 utilia
531 1403 564 1462 et
588 1397 777 1462 necessaria
805 1416 877 1462 cum
900 1396 1081 1476 inopinatis
1104 1397 1203 1460 rebus
1227 1413 1357 1476 compa-

180 1510 313 1585 rantur;
347 1503 404 1569 illa
429 1503 542 1569 facilia
566 1503 608 1568 ad
631 1504 824 1584 parandum,
849 1503 1021 1584 inopinata
1045 1521 1173 1583 semper
1195 1500 1359 1568 mirabilia

182 1611 338 1677 dicuntur
371 1629 451 1676 esse.
507 1611 560 1688 56,
596 1611 637 1674 13
671 1609 855 1675 sublimitas
888 1610 1007 1675 ceteris
1040 1611 1139 1674 rebus
1173 1609 1358 1690 opponitur.

180 1719 243 1783 His
275 1736 332 1784 eos
363 1717 419 1798 qui
448 1715 489 1782 iis
513 1720 653 1781 utantur
675 1716 822 1781 homines
847 1716 1001 1798 cognosci
1025 1716 1105 1781 dicit
1130 1722 1255 1794 auctor,
1286 1735 1357 1781 cum

181 1825 238 1890 illa
269 1832 310 1888 ad
339 1825 472 1888 deouun
495 1822 754 1906 magnitudinem
778 1821 966 1887 efferantur.
1012 1823 1058 1888 Et
1082 1823 1195 1887 statim
1220 1823 1358 1887 alteram

184 1930 375 1997 antithesim
408 1929 511 2007 addit,
551 1948 616 2009 qua
654 1929 687 1993 id
722 1930 809 2009 quod
845 1928 915 2004 sine
951 1928 1041 1994 vitiis
1076 1937 1127 1994 est
1163 1929 1358 1994 sublimitati

186 2036 338 2118 opponit,
363 2055 436 2101 cum
459 2035 539 2100 illud
563 2055 627 2101 nou
652 2035 871 2116 vituperetur,
896 2036 957 2101 hoc
980 2035 1059 2100 dicit
1082 2035 1219 2102 laudari.
1267 2038 1358 2118 57,4

186 2143 502 2226 Pseudo-Longinus
519 2161 591 2207 eum
602 2141 771 2223 vituperat
789 2147 823 2206 et
838 2140 967 2207 refutat
984 2142 1048 2223 qui,
1066 2149 1103 2207 ut
1117 2145 1358 2208 demonstraret

186 2256 333 2316 oratores
349 2249 440 2318 vitiis
456 2249 614 2314 immunes
631 2249 893 2329 praestantiores
910 2268 982 2314 esse
998 2249 1038 2314 iis
1055 2251 1111 2329 qui
1122 2249 1212 2314 vitiis
1229 2250 1357 2330 quidem

182 2377 248 2424 uon
266 2357 436 2433 immunes,
453 2363 565 2420 tamen
581 2355 670 2419 ultra
685 2356 856 2420 mortalem
872 2355 1095 2421 condicionem
1112 2356 1219 2422 evecti
1236 2361 1356 2438 essent,

181 2464 352 2530 Colossum
375 2463 466 2529 vitiis
491 2461 659 2528 adfectum
682 2463 844 2544 Polycleti
870 2463 1057 2544 doryphoro
1081 2464 1358 2544 praestantiorem

180 2588 254 2636 esse
281 2575 474 2652 negaverat.
529 2569 686 2652 Magnum
720 2567 895 2633 discrimen
927 2567 1015 2633 inter
1044 2570 1126 2634 artis
1156 2577 1189 2634 11
1218 2578 1357 2635 naturae

180 2696 281 2758 opera
297 2676 467 2742 interesse.
506 2677 546 2740 In
561 2675 625 2740 illis
643 2674 727 2740 1111111
745 2674 957 2758 diligentiam,
983 2675 1014 2739 in
1032 2677 1083 2741 his
1099 2677 1358 2760 magnitudinem

179 2783 295 2863 quaeri
307 2789 341 2848 et
353 2781 525 2864 postulari.
543 2782 694 2846 Eundem
711 2781 951 2847 sententiarum
964 2788 1110 2848 tenorem
1124 2803 1221 2865 porro
1236 2785 1358 2850 ducens

180 2888 745 2970 51611111111111111111111111111.
792 2889 871 2954 Illas
896 2890 1023 2970 quidem
1049 2890 1192 2971 aliquam
1219 2891 1358 2957 hominis

181 2996 435 3077 similitudinem,
461 2997 546 3062 hanc
570 2995 737 3061 autemid
761 2997 847 3075 quod
871 3015 925 3061 111
945 2997 1105 3062 humanas
1121 3004 1260 3080 ,superet
1278 3018 1359 3080 prae

180 3122 215 3168 11
239 3103 329 3168 ferre
353 3123 487 3169 necesse
512 3123 592 3168 esse.
645 3104 715 3166 Iam
740 3106 781 3167 ad
806 3109 985 3168 extremam
1009 3103 1112 3168 exiis
1137 3104 1358 3170 antithesibus

179 3210 329 3276 venimus
363 3231 500 3290 quarum
532 3210 565 3275 111
599 3212 727 3275 duabus
760 3210 912 3291 partibus
944 3205 1022 3275 bina
1051 3213 1153 3277 verba
1176 3213 1229 3277 vel
1261 3213 1358 3277 binae

180 3317 335 3383 notiones
359 3316 587 3383 conferuntur.
633 3317 698 3382 Est
722 3324 832 3381 autem
863 3336 901 3381 ea
931 3337 1014 3397 quae
1045 3319 1097 3396 68,
1123 3321 1143 3382 4
1175 3319 1355 3385 exhibetur.

180 3422 230 3488 no
261 3423 333 3489 loco
366 3423 508 3504 scriptor
539 3423 701 3489 avaritiae
731 3424 938 3503 voluptatem
969 3424 1114 3505 opponit.
1160 3425 1221 3490 lllo
1244 3429 1357 3492 morbo

181 3528 329 3595 homines
353 3530 491 3595 humiles
516 3529 618 3611 reddi,
644 3531 730 3594 lrunc
755 3532 901 3594 morbum
925 3529 1032 3610 ipsum
1056 3531 1208 3596 humilem
1232 3552 1313 3600 esse.

270 3637 390 3701 Restat
410 3642 448 3701 ut
467 3638 507 3701 de
527 3638 653 3702 duobus
673 3636 753 3702 locis
774 3656 920 3718 agamus,
946 3637 1064 3716 quibus
1081 3640 1165 3703 duae
1183 3640 1358 3706 antithesis

180 3747 294 3824 partes
325 3749 422 3808 terna
445 3745 590 3808 membra
615 3743 767 3824 opposita
792 3743 956 3819 exhibent,
983 3745 1069 3823 15,5
1094 3751 1128 3809 et
1154 3747 1272 3822 1t,13.
1318 3749 1357 3812 Ι11

180 3849 237 3914 illa
261 3849 421 3914 antithesi
444 3868 517 3915 cum
542 3850 610 3914 deis
635 3869 872 3931 comparamur,
905 3851 1121 3917 etmalorum
1144 3861 1270 3934 portus,
1303 3855 1359 3935 qui

179 3955 275 4022 nobis
299 3960 375 4037 post
399 3958 485 4026 mala
509 3963 646 4037 peracta
670 3957 849 4036 requietem
873 3959 1043 4037 praebeat,
1067 3959 1219 4024 miseriae
1239 3963 1357 4043 sempi-

181 4069 297 4128 ternae
322 4063 511 4144 opponitur,
543 4066 720 4142 eodemque
743 4065 837 4128 modo
862 4059 949 4129 mors
974 4065 1194 4145 sempiternae
1217 4076 1358 4132 naturae

180 4170 232 4235 vel
256 4163 355 4236 vitae.
404 4169 496 4252 Quae
528 4189 581 4235 111
612 4177 649 4234 111
680 4169 852 4236 dilucidior
877 4171 930 4250 sit,
959 4171 1034 4252 ipsa
1059 4173 1231 4254 scriptoris
1255 4177 1358 4240 verba

181 4295 359 4356 apponam:
390 4276 460 4360 ἀλλ’
489 4281 559 4363 ἡμῖν
584 4281 638 4362 μὲν
663 4281 915 4363 δυσδαιμονοῦσιν
946 4283 1107 4345 ἀπόκειται
1136 4283 1226 4367 λιμὴν
1250 4293 1358 4347 κακῶν

181 4385 197 4447 ὁ
217 4385 363 4465 θάνατος,
388 4395 449 4448 τῶν
474 4387 559 4450 θεῶν
584 4387 600 4448 δ
621 4388 655 4448 oh
676 4388 848 4471 τὴνφύσιν,
874 4389 955 4451 ἀλλὰ
974 4391 1029 4472 τὴν
1049 4388 1177 4472 ἀτυχίαν
1198 4385 1357 4473 [Ὅμηρος]

1160 4507 1197 4561 3*
