3268 5002
763 294 985 357 -36-

286 491 430 576 ἐποίησεν
463 491 594 555 αἰώνιον.
657 488 908 554 Concedendum
938 487 1066 568 quidem
1098 492 1149 552 est
1180 487 1249 552 eius
1285 486 1499 552 antithesis

288 594 426 661 formam
450 601 601 660 nontam
622 594 795 660 astrictam
814 613 886 659 esse
906 614 1003 674 quam
1020 593 1151 658 illarum
1170 593 1209 658 de
1229 592 1347 674 quibus
1369 593 1497 658 modo

287 702 425 785 egimus;
458 721 571 768 verum
602 701 747 766 dubitari
775 721 840 766 11011
872 705 984 782 potest
1014 699 1093 780 quin
1116 706 1213 764 terna
1236 701 1387 764 membra
1419 718 1499 780 per

287 807 527 890 oppositionem
550 808 637 873 inter
662 827 696 873 se
720 813 960 888 comparentur.
996 807 1146 872 Alterum
1170 805 1352 886 exemplum
1380 805 1494 885 17,3

287 919 407 980 exstat.
454 915 506 980 Ibi
529 915 608 979 ilias
633 934 705 980 cum
731 915 881 997 Odyssea
905 918 1124 994 comparatur.
1161 913 1256 977 Illam
1280 932 1492 994 anonymus

286 1024 417 1103 plenam
440 1029 530 1086 motu
555 1028 588 1086 et
612 1020 743 1086 actione
767 1039 839 1086 esse
863 1019 953 1098 dicit,
979 1039 1051 1084 cum
1074 1021 1156 1084 haec
1180 1019 1253 1100 plus
1278 1038 1491 1084 sermonum
1610 1103 1611 1118 χ

287 1129 417 1194 habeat.
438 1193 440 1198 ,
465 1128 565 1194 Cuius
596 1127 645 1192 rei
677 1146 810 1193 causam
843 1127 942 1192 tertio
975 1125 1151 1192 antithesis
1175 1127 1318 1192 membro
1344 1125 1487 1192 adfert.
1610 1119 1611 1210 l

286 1235 422 1300 iliadem
438 1234 523 1299 enim
540 1235 581 1298 ab
600 1235 743 1300 Homero
761 1235 867 1299 adhuc
886 1233 1030 1316 vigente,
1055 1234 1141 1298 hanc
1165 1254 1185 1298 a
1209 1253 1287 1299 sene
1306 1232 1488 1314 scriptam
1610 1277 1611 1368 1

287 1361 360 1406 0100
393 1340 571 1406 contendit.
630 1341 744 1422 Neque
776 1361 855 1407 1010
890 1342 952 1406 1100
984 1340 1055 1405 1000
1091 1341 1252 1406 0000111110
1288 1340 1485 1406 antithesis
1610 1379 1611 1398 .

288 1453 457 1513 structura
481 1452 602 1527 exstat,
627 1467 700 1513 cum
724 1449 867 1514 secundo
891 1449 1034 1512 membro
1059 1447 1179 1528 prioris
1203 1447 1309 1528 partis
1329 1447 1483 1512 tertium
1610 1431 1611 1498 1

287 1553 491 1636 posterioria,
535 1554 712 1620 secundum
745 1553 938 1635 posterioris
972 1553 1072 1619 tertio
1102 1554 1221 1635 prioris
1254 1545 1480 1635 respondeat.

287 1662 407 1726 Verum
424 1665 554 1727 tantum
571 1663 667 1726 abest
682 1668 719 1726 ut
735 1662 797 1726 hac
810 1665 980 1726 structura
992 1661 1099 1726 minus
1112 1661 1273 1726 concinna
1283 1662 1477 1739 laedamur,

287 1772 324 1832 nt
349 1787 388 1832 ea
412 1769 532 1850 qnippe
556 1786 640 1849 quae
664 1768 860 1833 varietatem
885 1767 1018 1832 adferat
1043 1768 1250 1833 delectemur.

375 1875 468 1940 Haec
520 1874 622 1940 habui
668 1893 752 1954 quae
799 1875 839 1939 de
885 1874 1052 1939 sententia
1099 1874 1311 1939 antithesium
1358 1874 1475 1954 plenis

287 1981 572 2047 enuntiationibus
601 2000 830 2062 expressarum
861 1981 1016 2062 dicerem3
1048 1999 1155 2061 pauca
1186 1980 1283 2046 etiarn
1314 2000 1397 2061 qnae
1425 1981 1475 2046 ad

287 2088 424 2153 formam
448 2094 618 2152 externam
643 2087 811 2169 pertinent
835 2087 986 2152 addenda
1011 2094 1097 2152 sunt.
1136 2087 1266 2153 Poterit
1285 2088 1371 2153 enim
1391 2079 1473 2168 quis

287 2211 455 2274 quaerere,
481 2213 558 2258 num
582 2193 682 2258 etiam
704 2195 821 2282 harum
845 2193 1057 2258 antithesium
1082 2194 1231 2277 singulae
1255 2201 1368 2276 partes
1393 2195 1472 2260 sine

287 2299 355 2364 ulla
378 2300 541 2381 particula
564 2299 652 2365 inter
677 2319 712 2366 se
732 2304 951 2381 opponantur.
990 2301 1064 2365 Hac
1084 2306 1193 2366 autern
1212 2301 1351 2382 ratione,
1377 2301 1471 2382 quod

288 2407 418 2487 quidem
441 2406 588 2488 viderim,
614 2413 731 2472 auctor
755 2405 857 2471 libelli
880 2426 959 2472 usus
984 2413 1045 2483 est,
1070 2414 1107 2472 ut
1131 2407 1237 2472 tribus
1261 2408 1341 2472 locis
1366 2408 1408 2492 (9,
1430 2409 1467 2487 73

287 2517 340 2596 88,
358 2515 393 2596 6,
425 2515 477 2595 36,
497 2515 550 2596 22)
587 2513 766 2595 posteriori
797 2513 887 2594 parti
919 2519 971 2579 καὶ
1004 2513 1200 2594 particulam
1232 2521 1466 2596 praeponeret,

288 2641 360 2685 curn
379 2621 411 2685 111
432 2621 542 2702 priore
566 2621 657 2686 nulla
681 2620 711 2684 ei
734 2622 965 2700 responderem
992 2621 1091 2686 semel
1110 2622 1174 2702 (37,
1193 2621 1246 2706 19)
1271 2621 1338 2687 δἀὗ
1357 2621 1467 2702 parti-

288 2728 381 2792 culae
406 2732 484 2792 ante
508 2727 724 2808 posteriorem
748 2726 948 2791 sententiam
967 2726 1095 2806 positae
1115 2733 1202 2808 sunt,
1228 2727 1327 2792 semel
1347 2728 1411 2812 (21,
1432 2729 1467 2814 7)

287 2837 330 2900 δέ.
378 2833 486 2898 Maior
510 2840 620 2898 autem
644 2852 731 2914 pars,
758 2838 795 2897 ut
819 2851 836 2896 e
861 2839 982 2897 natura
1005 2852 1113 2897 rerum
1138 2840 1199 2912 011,
1222 2834 1318 2900 initio
1343 2833 1466 2915 prioris

288 2938 393 3020 partis
414 2944 468 3027 μὲν
487 2939 684 3020 particulam
704 2939 870 3017 exhibent,
896 2938 949 3003 cui
967 2938 1001 3003 in
1022 2940 1204 3020 posteriore
1224 2945 1258 3006 δὲ
1277 2941 1466 3021 respondet.

288 3047 372 3112 Sunt
394 3045 429 3110 hi
451 3045 531 3112 loci:
558 3048 634 3133 1,7;
661 3045 761 3126 15,3;
788 3045 885 3125 15,5;
913 3047 1035 3127 17‚13;
1062 3047 1185 3125 24,22;
1211 3048 1262 3128 24,
1276 3048 1335 3128 23;
1360 3047 1464 3128 25‚3;

287 3155 340 3230 28,
359 3155 395 3232 6;
422 3154 473 3229 56,
492 3154 528 3234 8,
554 3153 607 3233 56,
629 3153 687 3233 13;
713 3152 765 3234 56,
785 3152 843 3233 15;
869 3153 921 3231 57,
940 3154 976 3232 4;
1002 3153 1055 3231 57,
1076 3153 1113 3234 6;
1139 3154 1190 3233 68,
1209 3155 1238 3218 4.

375 3259 494 3325 Altera
514 3259 640 3340 species
660 3259 752 3323 tertii
771 3258 901 3342 generis
921 3259 1101 3342 figurarum
1117 3259 1365 3341 sententiarum,
1386 3259 1464 3325 110-

287 3366 387 3432 niam
411 3366 493 3447 dico,
514 3366 629 3447 paucis
647 3366 728 3431 locis
751 3366 928 3432 invenitur.
973 3368 1023 3431 Ac
1043 3366 1181 3446 primum
1205 3367 1334 3446 quidem
1358 3385 1465 3432 exem-

287 3473 375 3554 plum
405 3475 434 3554 7,
460 3474 480 3537 8
509 3480 630 3539 exstat.
678 3473 817 3539 Constat
847 3473 1071 3538 Alexandrum
1099 3474 1254 3555 Magnum
1286 3493 1306 3538 a
1330 3473 1462 3539 Timaeo

288 3582 328 3644 ob
363 3580 397 3645 id
426 3579 596 3644 laudatum
628 3598 709 3659 0000,
746 3580 833 3659 quod
860 3579 974 3645 Asiam
1002 3578 1212 3660 paucioribus
1241 3580 1336 3645 annis
1366 3600 1462 3662 supe-

287 3685 430 3752 ravisset
446 3704 544 3766 quam
560 3685 677 3766 quibus
694 3687 861 3751 Isocrates
877 3685 1114 3768 panegyricum
1131 3686 1327 3767 scripsisset.
1358 3687 1463 3770 Quam

288 3792 443 3876 frigidam
467 3792 593 3858 Timaei
615 3812 728 3859 vocem
748 3792 891 3873 scriptor
909 3792 1033 3856 ironice
1053 3791 1167 3857 miram
1183 3792 1329 3874 appellat
1348 3793 1462 3858 aliam-

287 3919 349 3979 que
378 3898 656 3980 comparationem
687 3899 788 3977 addit,
821 3918 886 3978 qua
909 3899 1162 3964 Lacedaemonii
1185 3901 1333 3965 Isocrate
1361 3899 1462 3965 imbe-

287 4006 427 4070 cilliores
459 4006 613 4072 dicuntur
644 4004 757 4086 fuisse,
794 4025 866 4071 cum
905 4005 953 4070 illi
982 4007 1167 4071 Messenam
1198 4007 1336 4090 triginta
1367 4005 1461 4072 annis

287 4112 488 4196 subegerint,
522 4111 574 4176 1110
609 4112 789 4177 0101100011
825 4114 936 4178 decem
969 4113 1064 4177 annis
1098 4114 1325 4194 composuerit.
1371 4115 1462 4179 Idem

287 4219 440 4285 Timaeus
471 4223 587 4285 auctor
620 4219 703 4284 alius
735 4218 876 4302 frigidae
907 4219 1157 4301 paronomasiae
1188 4227 1248 4298 est,
1282 4240 1354 4286 cum
1384 4219 1462 4286 dicit

287 4326 507 4391 Athenienses
531 4326 565 4391 in
590 4325 701 4392 Sicilia
717 4327 912 4391 Hermarum
930 4327 1156 4392 mutilatorum
1175 4346 1313 4408 poenam
1333 4327 1462 4392 dedisse
