3268 5002
676 276 898 366 --61-

201 471 242 535 39
266 470 329 536 loci
354 471 539 551 opponendi
563 481 640 538 sunt
665 471 782 551 quibus
809 472 872 536 170
896 471 1097 553 syllabarum
1121 491 1274 538 numerus
1298 472 1373 538 effi-

200 576 294 643 citur.
350 577 441 661 Ergo
466 579 677 643 statuendum
702 582 752 643 661
777 582 944 644 auctorem
968 577 1116 644 brevium
1139 580 1373 645 vocabulorum

200 701 394 748 concursum
417 691 575 764 quantum
599 684 746 765 potuerit
769 683 937 750 vitavisse.

288 789 350 855 His
374 790 532 872 expositis
555 790 620 856 iam
643 792 686 856 ad
710 790 892 874 graviorem
918 790 1142 870 quaestionem
1166 798 1374 858 transeamus

200 899 297 962 etde
321 897 464 963 numeris
489 897 601 977 quiin
626 896 774 962 oratioue
798 897 943 961 auctoris
967 897 1081 962 insunt
1105 917 1249 980 agamus.
1301 899 1375 981 Qua

200 1004 233 1068 in
266 1024 301 1068 re
334 1005 512 1069 tractanda
544 1023 616 1069 cum
647 1011 753 1068 totum
780 1003 898 1068 librum
928 1003 961 1068 in
991 1004 1216 1084 quaestionem
1246 1005 1373 1088 discep—

191 1111 423 1192 tationemque
448 1129 566 1176 vocare
590 1111 756 1182 nollemus,
782 1111 815 1175 in
835 1129 951 1176 novem
972 1111 1082 1191 priora
1102 1112 1213 1192 capita
1236 1113 1374 1192 inquisi-
1419 1110 1422 1117 ’

201 1217 305 1282 vimus
346 1237 561 1299 numerosque
604 1217 658 1297 qui
705 1218 1011 1282 commemoratione
1050 1217 1140 1302 digni
1175 1219 1374 1285 videbantur

200 1323 388 1406 collegimus
413 1325 519 1389 etita
543 1324 770 1404 disposuimus,
796 1332 833 1388 ut
857 1324 960 1405 primo
979 1325 1050 1390 loco
1071 1325 1110 1389 de
1129 1325 1169 1390 iis
1194 1325 1374 1390 diceremus

201 1431 310 1510 quiin
336 1431 472 1496 mediis
497 1431 720 1496 enuntiatis
745 1436 832 1509 sunt,
857 1431 962 1496 altero
988 1433 1028 1497 de
1051 1431 1091 1496 116
1115 1451 1196 1511 quos
1220 1432 1373 1497 enuntia-

201 1537 326 1602 tionum
360 1537 561 1602 clausulae
594 1537 758 1603 exhibent.
815 1538 925 1604 Etiam
954 1537 988 1602 in
1012 1539 1074 1602 hac
1103 1537 1294 1618 quaestione
1322 1538 1374 1603 in-

202 1643 370 1709 stituenda
393 1645 489 1710 valde
513 1643 553 1708 116
576 1644 680 1709 adiuti
705 1664 816 1710 sumus
840 1664 924 1726 quae
943 1643 1069 1709 Birtius
1094 1645 1309 1729 (1161871
1335 1646 1375 1710 (16

201 1749 379 1815 Democriti
403 1769 522 1833 genere
546 1750 675 1816 dicendi
698 1751 840 1832 scripsit.

288 1857 338 1922 Ac
357 1857 495 1938 primum
515 1857 643 1937 quidem
666 1857 705 1921 in
733 1858 868 1923 mediis
897 1857 1118 1923 enuntiatis
1142 1877 1292 1923 numeros
1316 1860 1374 1925 da-

202 1963 348 2046 ctylicos,
370 1983 451 2044 quos
471 1966 512 2029 ab
533 1971 669 2029 auctore
686 1963 902 2029 nobilissimos
922 1969 956 2028 61
974 1963 1211 2046 magnitudinis
1231 1965 1373 2030 efficien-

201 2078 252 2134 tes
285 2071 447 2151 appellari
483 2071 631 2147 vidimus,
670 2071 720 2136 his
757 2071 959 2152 repperimus
996 2071 1092 2136 locis:
1131 2072 1181 2151 10,
1208 2073 1227 2135 6
1262 2072 1374 2137 verbis

201 2181 390 2264 ἀκουόμενόν
413 2202 440 2244 τι
465 2177 597 2258 (1166616
621 2177 817 2242 catalectica
836 2177 869 2242 in
890 2178 972 2242 duas
991 2177 1144 2260 syllabas,
1165 2179 1217 2242 661
1236 2178 1374 2244 adonius

200 2302 314 2349 versus
333 2303 449 2350 nomen
471 2291 530 2360 661,
553 2286 723 2350 formatur.
768 2284 925 2365 Tripodia
944 2284 1140 2349 catalectica
1158 2284 1191 2349 in
1213 2284 1373 2366 syllabam

202 2391 327 2454 duobus
350 2391 430 2455 locis
449 2397 573 2456 exstat:
600 2393 630 2469 2,
649 2393 688 2454 21
711 2395 739 2456 εί
755 2415 791 2477 γε
810 2396 844 2456 τὸ
865 2396 918 2478 μὲν
938 2395 1072 2458 πιθανόν
1092 2395 1125 2455 61
1146 2393 1196 2472 15,
1214 2393 1234 2456 3
1254 2395 1375 2477 δοίκρυα

202 2500 300 2584 δεσμὰ
323 2501 423 2584 πάθη,
449 2516 521 2561 cum
546 2497 690 2576 tripodis
713 2498 910 2562 catalectica
933 2497 966 2562 in
991 2498 1072 2561 duas
1097 2497 1240 2578 syllabas
1263 2498 1375 2562 verbis

202 2623 286 2682 quae
302 2606 331 2685 2,
344 2605 385 2668 28
402 2605 571 2686 leguntur:
589 2609 643 2690 τὴν
659 2617 712 2669 τοῦ
727 2606 855 2691 ῥήτορος
869 2606 964 2680 εὐθὺς
979 2602 1153 2668 efficiatur.
1182 2603 1239 2667 Bis
1253 2623 1376 2686 magna

202 2710 407 2792 dactylorum
432 2709 640 2775 coacervatio
665 2709 760 2776 nobis
785 2710 965 2789 61116661,
998 2710 1086 2785 10,7
1116 2709 1172 2774 ubi
1199 2710 1374 2790 tripodiam

203 2817 430 2882 catalecticum
453 2818 487 2881 in
512 2817 671 2899 syllabam
695 2823 770 2903 πρὸς
795 2820 1069 2904 μεγαλοφροσύνην
1098 2825 1131 2880 61
1155 2816 1375 2897 tetrapodiam

202 2926 428 2990 catalecticam
447 2925 481 2989 in
500 2927 581 2990 duas
601 2925 745 3006 syllabas
764 2927 972 3011 ἐγκαταλείπῃ
992 2937 1029 3011 τῇ
1050 2926 1167 3010 διανοίᾳ
1185 2923 1373 3004 reperimus,

202 3034 235 3094 ct
261 3032 311 3110 10,
330 3034 381 3112 10,
407 3033 462 3097 ubi
481 3040 556 3113 post
576 3031 729 3097 adonium
748 3036 843 3118 πηγαὶ
863 3034 940 3108 τινὲς
959 3035 1033 3097 εἰσιν
1053 3029 1241 3110 tetrapodia
1262 3037 1375 3094 acata-

202 3138 320 3204 lectica
340 3140 487 3204 auditur:
508 3153 561 3226 τῆς
578 3141 747 3226 ὑψηγορίας
763 3140 979 3225 γονίμὼταταί.
1014 3136 1248 3216 Tetrapodiam
1264 3144 1375 3201 autem

202 3245 428 3311 catalecticam
452 3247 485 3310 in
511 3247 670 3328 syllabam
696 3245 805 3325 10,17
826 3244 920 3308 nobis
938 3243 1086 3309 videmur
1105 3244 1230 3324 legere:
1251 3249 1305 3330 τὴν
1325 3247 1375 3309 ἐπί

202 3363 245 3438 τῷ
265 3355 504 3440 θαυμαζομένῳ.
552 3352 637 3434 Quin
669 3351 769 3415 etiam
798 3352 849 3429 27,
868 3350 910 3416 20
941 3349 1143 3431 pentapodia
1174 3351 1215 3413 ab
1239 3356 1374 3414 auctore
1408 3355 1409 3360 ’

202 3457 280 3522 11616
303 3465 368 3523 661;
400 3465 494 3546 ὄγκου
518 3464 570 3526 καί
595 3460 820 3546 μεγαληγορίας
843 3461 895 3523 καί
920 3461 1048 3543 ἀγῶνος.
1096 3455 1155 3520 Oui
1177 3456 1249 3520 1666
1274 3457 1375 3521 adda-

202 3584 272 3629 mus
297 3568 347 3646 16,
368 3566 399 3645 7,.
422 3566 478 3630 ubi
501 3565 637 3647 spondei
660 3564 742 3645 pede
771 3563 933 3645 dactylico
961 3563 1260 3642 interrumpuntur:
1291 3568 1375 3650 αὐτῷ

203 3679 256 3758 τὴν
280 3685 340 3740 τῶν
359 3671 516 3759 Ἑλλήνων
540 3675 654 3760 ἐπέχει.

149 3820 155 3829 ·
192 3793 194 3798 '
291 3781 394 3844 llulto
418 3785 526 3843 autern
550 3778 696 3861 pluribus
710 3767 796 3842 locis
820 3777 960 3842 auctoris
979 3777 1082 3841 oratio
1101 3775 1254 3841 iambicos
1277 3779 1376 3857 pedes

203 3886 353 3951 continet.
401 3887 601 3969 Quamquam
620 3885 689 3966 ipse
708 3883 1014 3966 Pseudo-Longinus
1037 3887 1077 3948 de
1097 3903 1133 3948 66
1157 3902 1288 3948 numero
1312 3902 1376 3947 non

203 3993 352 4074 loquitur,
376 4000 486 4057 tamen
504 3996 582 4073 puto
607 4012 646 4056 611
671 4011 707 4056 66
731 3994 814 4072 quod
837 3991 871 4054 in
889 3992 952 4054 fine
976 3989 1091 4071 capitis
1110 3991 1181 4073 XL,
1206 3995 1374 4071 postquam

203 4101 306 4164 locum
334 4099 545 4181 Euripideum
573 4097 730 4180 laudavit,
760 4101 799 4162 de
826 4116 958 4162 numero
986 4115 1048 4160 non
1076 4096 1170 4161 nimis
1197 4096 1376 4160 festinante

204 4205 290 4288 dicit,
319 4225 411 4287 posse
440 4206 583 4270 concludi
613 4224 685 4270 eum
713 4203 907 4286 praetulisse
938 4222 977 4267 ea
1000 4208 1106 4266 metra
1129 4202 1269 4267 iambica
1293 4221 1376 4282 qnae

204 4313 301 4376 certis
331 4313 408 4378 locis
439 4315 612 4394 spondeum
642 4332 699 4393 pro
730 4311 836 4375 iambo
861 4309 1022 4375 exhibent.
1069 4310 1107 4373 In
1135 4308 1375 4374 enumeratione

1179 4432 1215 4486 5*
