3268 5002
683 325 901 388 ..12-

142 569 143 574 ,
205 519 260 583 ubi
290 519 412 600 aliquid
444 518 575 600 copiose
606 524 639 584 et
669 537 741 584 cum
772 524 892 583 ornatu
916 518 1088 583 dicendum
1113 523 1173 599 est,
1205 518 1238 582 in
1263 538 1382 583 narra-

205 625 349 690 tionibus
373 625 653 706 disputationibus
677 625 899 690 communibus
923 625 1012 689 locis.

293 731 363 796 Iam
401 732 532 798 dubium
570 751 643 797 esse
679 750 745 796 nou
777 735 889 812 potest
924 731 999 811 quin
1035 730 1253 811 disputationi
1285 750 1381 810 quam

205 857 387 920 anonymus
407 839 446 904 de
466 837 667 904 sublimitate
685 837 831 902 instituit
851 837 921 901 sola
937 837 993 901 illa
1009 837 1225 902 Ciceroniana
1240 837 1381 903 latitudo

205 950 284 1024 apta
310 945 366 1021 sit,
400 963 465 1010 non
489 946 663 1010 vehemens
693 949 727 1010 et
753 943 894 1007 incitata
923 943 1114 1026 magnitudo
1142 943 1382 1010 Demosthenis.

205 1051 250 1114 Et
278 1070 314 1116 re
337 1070 417 1116 vera
446 1069 517 1116 eam
545 1056 617 1115 toto
645 1050 728 1115 libro
757 1049 951 1129 reperimus
983 1049 1016 1114 id
1045 1050 1132 1130 quod
1164 1069 1204 1115 ex
1235 1056 1382 1116 extrema

205 1157 440 1238 disputationis
459 1163 595 1222 nostrae
614 1161 710 1237 parte
734 1155 883 1220 elucebit.
931 1156 970 1220 ld
994 1175 1091 1221 unum
1117 1157 1275 1222 addamus
1292 1157 1381 1222 Vah-

203 1263 321 1343 lenum,
347 1263 404 1344 qui
421 1262 538 1328 librum
559 1263 679 1344 optime
698 1262 863 1346 cognovit,
888 1262 1065 1327 identidem
1088 1263 1121 1326 in
1147 1263 1382 1328 dissertatione

205 1389 300 1448 quam
332 1369 555 1450 prooemiandi
586 1369 758 1440 occasione
791 1388 870 1434 usus
895 1389 922 1434 a.
946 1368 1233 1433 MDCCCLXXX.
1258 1371 1298 1434 de
1323 1389 1381 1434 au-

205 1479 295 1539 ctore
320 1475 462 1556 scripsit,
489 1475 558 1541 eius
583 1476 819 1554 abundantiam
844 1475 877 1540 in
902 1476 1072 1540 condenda
1097 1475 1245 1540 oratione
1269 1481 1303 1540 et
1322 1495 1381 1556 pa-

205 1581 308 1646 tulum
341 1601 380 1646 ac
410 1582 559 1647 diffusum
594 1581 758 1647 scribendi
789 1600 892 1664 genus
926 1600 1184 1646 commemorare.
1238 1582 1380 1646 Tantum

205 1688 303 1752 otiam
334 1690 429 1753 abest
462 1695 500 1754 ut
527 1687 847 1770 Pseudo-Longinus
875 1687 962 1751 illam
992 1687 1237 1752 Ciceronianam
1266 1688 1381 1752 latitu-

205 1793 311 1859 dinem
340 1813 418 1875 prae
442 1795 673 1860 Demosthenis
703 1793 929 1876 magnitudine
953 1813 1057 1876 genus
1081 1794 1291 1859 sublimitatis
1315 1813 1380 1860 uon

204 1906 374 1984 agnoscat,
400 1906 437 1966 ut
461 1901 607 1982 exemplo
632 1920 650 1965 e
672 1902 814 1965 Platone
838 1899 952 1980 petitu,
979 1900 1035 1964 ubi
1058 1900 1086 1965 is
1110 1899 1217 1965 instar
1240 1900 1381 1965 fluminis

205 2007 280 2072 fuso
308 2007 435 2072 dicendi
464 2025 584 2090 genere
615 2007 743 2087 placide
772 2006 927 2087 profluit,
959 2007 1162 2071 demonstret
1192 2026 1230 2072 eo
1261 2026 1382 2090 genere

206 2113 359 2178 sublimes
383 2113 568 2178 sententias
591 2115 675 2177 bene
694 2112 832 2193 exprimi
851 2111 916 2196 (25,
944 2113 1006 2198 10).
1053 2115 1122 2178 Iam
1147 2132 1247 2194 supra
1271 2119 1381 2178 autem

205 2219 350 2284 auctoris
381 2219 596 2284 imitationem
629 2219 779 2285 Platonis
814 2219 1015 2284 ostendimus
1052 2224 1245 2299 tantamque
1282 2237 1382 2301 saepe

205 2325 274 2390 eius
305 2325 543 2391 sententiarum
575 2325 832 2408 magnitudinem
867 2343 940 2389 esse
968 2325 1108 2391 vidimus
1141 2332 1178 2391 ut
1211 2327 1282 2391 sine
1314 2327 1382 2391 ulla

205 2431 412 2496 dubitatione
443 2451 514 2497 cum
542 2432 693 2498 Platonis
724 2431 908 2513 comparari
939 2431 1075 2512 possint.
1129 2433 1219 2498 Solet
1245 2433 1380 2499 adfectu

206 2539 311 2620 abripi
341 2539 386 2604 ibi
411 2539 563 2620 maxime,
598 2539 654 2604 ubi
684 2539 881 2619 scriptorum
916 2538 1069 2604 sublimes
1098 2539 1188 2604 locos
1218 2539 1381 2621 interpre-

205 2651 305 2710 tatur.
352 2646 441 2728 Ergo
473 2645 684 2710 sublimitatis
714 2645 878 2726 interpres
909 2664 1102 2724 quamquam
1132 2647 1183 2711 vel
1213 2646 1381 2726 quianon

204 2752 435 2817 Demosthenis
451 2753 672 2816 vehementem
695 2757 729 2816 et
748 2752 920 2817 incitatum
941 2750 1118 2832 adfectum,
1145 2754 1201 2817 sed
1218 2755 1379 2832 quandam

205 2857 451 2922 Ciceronianam
484 2863 517 2921 et
546 2857 753 2923 Platonicam
782 2858 988 2923 latitudinem
1021 2858 1238 2938 disputationi
1269 2868 1380 2940 aptam

205 2965 359 3046 ostendit,
384 2963 472 3028 inter
495 2964 648 3028 sublimes
672 2969 824 3029 auctores
848 2966 1069 3030 numerandus
1093 2969 1152 3029 est.

293 3072 343 3136 De
366 3071 499 3150 reliquis
524 3072 650 3135 duabus
673 3071 769 3135 huius
791 3071 910 3152 capitis
929 3071 1079 3151 partibus
1099 3075 1150 3135 tot
1169 3071 1278 3136 verbis
1299 3091 1381 3152 opus

205 3196 269 3241 uon
295 3184 355 3256 est,
381 3177 531 3256 quoniam
552 3177 631 3241 illud
651 3179 737 3256 quod
757 3179 796 3243 de
814 3177 998 3241 imitatione
1021 3196 1211 3259 magnorum
1237 3177 1380 3243 virorum

205 3283 348 3365 exponit,
374 3283 437 3348 iam
462 3283 495 3348 in
516 3283 625 3364 priore
644 3283 879 3364 disputationis
903 3289 999 3364 parte
1022 3283 1249 3362 tractavimus
1274 3286 1380 3365 phan-

204 3390 299 3456 tasiis
324 3397 443 3472 autem,
474 3391 587 3470 quales
616 3391 704 3470 apud
734 3397 850 3470 poetas
874 3396 908 3454 et
931 3391 1094 3455 interdum
1119 3392 1207 3470 apud
1231 3398 1380 3456 oratores

127 3569 129 3574 ,
205 3503 348 3578 exstant,
369 3497 404 3560 in
420 3497 644 3577 disputatione
661 3516 746 3577 quae
761 3499 801 3562 de
821 3496 1023 3561 sublimitate
1042 3496 1113 3578 agit
1131 3496 1222 3561 locus
1238 3515 1303 3561 nou
1321 3501 1379 3561 est.

757 3674 830 3740 ΙΙΙ.

293 3798 491 3881 Figurarum
519 3837 561 3844 —
593 3807 630 3863 ut
658 3801 699 3865 ad
731 3798 819 3863 illum
850 3798 982 3864 tertium
1015 3798 1225 3864 sublimitatis
1256 3798 1379 3864 fontem

203 3903 372 3970 veniamus
396 3944 440 3951 —
463 3905 697 3986 disputatione,
723 3905 844 3986 quippe
863 3923 947 3985 quae
965 3905 1064 3988 leuga
1088 3909 1122 3968 et
1145 3906 1227 3969 adeo
1250 3903 1380 3969 infinite

205 4019 302 4091 esset,
328 4013 370 4076 ab
394 4018 530 4077 auctore
555 4017 619 4077 non
650 4011 779 4077 omnino
804 4011 957 4076 absoluta
980 4029 1040 4076 nos
1065 4029 1136 4075 eam
1155 4011 1378 4090 quaestionem

204 4117 251 4182 ita
286 4117 488 4184 instituimus
522 4124 560 4184 ut
595 4118 765 4201 graviores
800 4118 924 4200 figuras
956 4117 1057 4183 libelli
1092 4117 1318 4200 colligeremus
1346 4125 1380 4182 et

205 4230 296 4290 certa
327 4227 467 4306 quadam
498 4225 628 4291 ratione
655 4225 688 4289 in
719 4224 862 4290 ordinem
887 4224 1117 4306 redigeremus.
1166 4223 1246 4288 Cum
1269 4228 1379 4289 autem

204 4349 269 4395 uon
293 4331 480 4414 ignoremus
509 4351 614 4412 neque
643 4351 663 4396 a
691 4331 786 4397 nobis
814 4335 919 4395 totam
942 4329 1114 4396 materiam
1138 4329 1270 4394 effusam
1296 4349 1378 4411 esse,
