3268 5002
320 635 369 699 Ao
401 634 540 715 primum
572 635 700 716 quidem
733 634 901 702 videamus
934 655 1010 701 num
1045 643 1161 702 auctor
1194 644 1405 719 praeceptum

230 759 294 820 quo
320 746 469 806 oratores
492 747 602 806 monet
626 748 663 807 ut
687 741 828 819 animum
852 741 895 808 ad
915 742 1148 827 sublimitatem
1171 745 1291 809 tollant
1314 764 1406 828 mag·
1507 775 1512 784 ·

231 846 347 927 nisque
377 847 550 912 sententiis
582 847 752 927 gravidum
781 848 923 927 reddant
945 849 1016 929 ipse
1040 855 1173 914 secutus
1198 849 1250 916 sit.
1298 851 1405 918 Subli-

230 953 377 1018 mitatem
408 953 490 1018 enim
522 953 740 1036 magnitudini
770 954 869 1021 animi
891 957 1098 1035 respondere
1128 957 1193 1040 (12,
1227 957 1312 1042 12)1)
1345 976 1407 1022 neo

231 1078 328 1141 posse
348 1079 461 1127 verum
485 1065 650 1124 oratorem
668 1060 781 1124 humili
804 1079 877 1126 esse
901 1060 1008 1126 animo
1033 1062 1121 1127 dicit.
1169 1061 1232 1144 Qui
1256 1063 1407 1130 servilem

231 1166 373 1232 animum
389 1167 573 1248 praebeant
589 1184 645 1230 eos
661 1184 828 1245 nunquam
840 1185 918 1233 vere
934 1167 1046 1250 magni
1058 1168 1230 1249 quicquam
1243 1169 1404 1250 proferre,

231 1291 304 1336 oum
334 1291 446 1337 eorum
477 1272 643 1336 orationes
673 1291 813 1355 magnae
844 1273 911 1338 sint
941 1273 997 1354 qui
1028 1274 1255 1352 animossuos
1279 1277 1406 1360 magnis

231 1377 406 1443 sententiis
431 1378 665 1458 compleverint
693 1379 756 1460 (12,
784 1379 846 1464 17).
893 1379 1091 1460 Scriptorem
1116 1385 1226 1446 autem
1255 1401 1323 1446 non
1345 1383 1405 1448 hu-

231 1483 334 1555 milem
370 1483 511 1549 animum
543 1484 577 1549 in
606 1484 792 1550 iudicandis
822 1486 920 1550 rebus
950 1487 1101 1552 humanis
1133 1487 1342 1569 praestitisse
1366 1507 1406 1553 ex

230 1587 451 1671 compluribus
470 1590 551 1656 locis
571 1589 670 1656 facile
690 1590 909 1674 cognoscitur.
951 1593 1050 1659 Velut
1066 1593 1169 1675 primo
1189 1594 1298 1674 capite
1316 1594 1404 1660 illam

230 1715 342 1781 vocem
366 1698 579 1780 Pythagorae
609 1697 724 1762 laudat
755 1697 811 1777 qui
834 1698 1007 1777 quaerenti
1030 1685 1108 1780 quid
1132 1700 1194 1766 diis
1219 1700 1322 1766 simile
1345 1702 1405 1766 ha-

229 1804 379 1868 beremus
408 1803 623 1869 veracitatem
659 1808 692 1868 11
727 1803 986 1870 beneficientiam
1023 1807 1231 1887 responderit
1264 1807 1307 1891 (2,
1343 1808 1405 1892 12).

229 1911 347 1990 Itaque
363 1929 436 1976 cum
452 1914 568 1975 auctor
585 1909 725 1974 animum
743 1911 936 1977 benevolum
955 1917 989 1976 11
1005 1931 1118 1979 verum
1136 1913 1224 1978 tanti
1241 1913 1402 1995 aestimet,

228 2015 340 2086 licebit
372 2017 489 2081 saltem
520 2016 714 2081 concludere
744 2017 851 2096 ipsum
880 2019 1072 2084 benevolum
1097 2025 1131 2084 et
1154 2037 1267 2085 verum
1293 2018 1405 2085 fuisse.

229 2121 322 2204 Quae
354 2122 496 2188 virtutes
532 2141 727 2202 quamquam
765 2141 830 2187 non
868 2124 1056 2189 necessario
1094 2143 1166 2189 cum
1204 2125 1406 2192 sublimitate

229 2228 425 2294 coniunctae
445 2233 531 2308 sunt,
557 2233 668 2293 tamen
687 2227 833 2294 sublimis
853 2229 952 2294 animi
975 2229 1149 2314 imaginem
1172 2230 1404 2311 pe1·feotiorem

217 2335 380 2408 reddunt.

318 2441 462 2508 Divitias
487 2446 596 2506 autem
620 2441 673 2507 vel
698 2441 767 2508 eius
793 2441 880 2507 modi
903 2445 991 2508 bona
1019 2462 1103 2524 quae
1127 2463 1148 2508 a
1171 2444 1282 2510 multis
1306 2445 1404 2510 animi

228 2549 324 2614 bonis
356 2547 592 2630 praeferuntur
623 2547 712 2613 illum
746 2548 875 2615 omnino
906 2548 1014 2614 ahena
1046 2570 1066 2615 a
1097 2569 1132 2615 se
1164 2551 1334 2631 putavisse
1365 2570 1405 2616 ex

229 2655 293 2719 alio
326 2656 397 2720 1111
428 2654 639 2738 intellegitur.
695 2655 831 2735 Septimi
866 2655 951 2720 enim
982 2655 1101 2736 capitis
1131 2656 1225 2722 initio
1259 2657 1405 2739 pulchris

228 2761 338 2827 verbis
362 2760 443 2825 dicit
466 2760 600 2827 divitias
623 2761 780 2826 honorem
802 2761 939 2848 gloriam
964 2761 1030 2826 alia
1053 2762 1174 2828 homini
1198 2783 1276 2830 vere
1300 2764 1404 2846 philo-

230 2869 331 2948 sopho
362 2886 428 2932 non
459 2868 632 2948 praeclara
662 2868 749 2932 hona
779 2866 893 2948 videri,
918 2868 1014 2932 immo
1046 2867 1146 2952 digna
1171 2889 1261 2950 quae
1293 2871 1403 2954 negle-

228 2979 354 3058 gantur
384 2978 417 3038 et
448 2979 711 3039 contemnantur.
757 2973 899 3038 Maxime
929 2992 985 3040 eos
1017 2975 1226 3042 admirandos
1255 2995 1327 3043 esse
1351 2977 1405 3057 qui

229 3079 363 3147 divitias
383 3085 417 3144 et
436 3081 576 3145 honores
595 3082 718 3145 habere
741 3079 880 3161 possint,
906 3082 963 3145 sed
987 3086 1123 3162 propter
1146 3083 1404 3166 magnitudinem

229 3186 329 3252 animi
352 3206 412 3267 111
436 3185 536 3269 nihilo
562 3187 693 3252 ducant.
739 3186 844 3269 Quam
868 3186 1058 3253 divitiarum
1082 3193 1117 3252 et
1140 3188 1278 3255 aliorum
1301 3191 1404 3255 bono-

228 3312 299 3359 rum
323 3292 599 3374 contemptionem
620 3291 786 3376 egregium
804 3292 838 3357 in
858 3293 985 3358 modum
1005 3293 1062 3358 illa
1082 3295 1240 3378 allegoria
1260 3296 1405 3362 ostendit

226 3419 324 3481 quam
346 3397 416 3466 lere
446 3400 479 3464 in
503 3399 567 3464 fine
591 3399 694 3464 totius
721 3398 823 3464 libelli
852 3399 962 3480 posuit
986 3400 1051 3484 (68,
1077 3401 1118 3481 5).
1164 3401 1216 3466 Ibi
1239 3402 1324 3467 enim
1348 3401 1403 3467 de-

227 3507 385 3589 pingitur,
411 3506 570 3586 11111111
595 3505 698 3570 omnis
722 3506 853 3588 generis
877 3505 959 3572 vitia
988 3525 1028 3570 ex
1057 3506 1239 3588 cupiditate
1262 3508 1405 3574 habendi

229 3631 300 3677 oum
332 3611 441 3677 studio
465 3611 647 3693 voluptatis
678 3611 855 3677 coniuncta
885 3617 1075 3678 nascantur.
1121 3612 1234 3695 Neque
1258 3633 1336 3680 vero
1366 3632 1405 3678 ea

229 3717 300 3784 sola
324 3718 482 3801 allegoria
506 3718 648 3801 egregia,
681 3720 738 3784 sed
767 3722 871 3783 totum
899 3718 979 3783 illud
1003 3725 1104 3799 11111
1129 3719 1302 3786 sententiis
1326 3738 1404 3784 auc-

228 3823 311 3890 toris
339 3830 480 3890 mentem
511 3843 681 3905 moresque
711 3824 956 3891 illustrantibus
989 3831 1023 3889 11
1053 3827 1161 3910 dignis
1192 3845 1276 3907 quae
1307 3844 1404 3890 accu-

229 3930 335 3996 ratius
353 3930 581 3996 examinentur
596 3929 755 3996 refertum
775 3937 835 3996 est.
881 3931 1100 4013 Philosophus
1119 3932 1286 3998 inducitur
1302 3951 1404 4013 quae-

228 4055 305 4102 rens
336 4036 490 4117 quidnam
522 4055 643 4102 causae
673 4036 717 4102 sit
749 4056 807 4102 111
837 4055 898 4102 sua
928 4042 1041 4103 aetate
1065 4057 1129 4103 non
1154 4038 1251 4118 pauci
1275 4038 1402 4118 quidem

319 4265 338 4334 ¹)
359 4266 472 4319 Talibus
490 4281 663 4320 numerorum
682 4265 768 4336 signis
784 4264 901 4334 paginae
915 4270 944 4320 et
956 4280 1050 4323 versus
1064 4266 1225 4334 exemplaris
1239 4267 1402 4322 Vahleniani

228 4371 252 4408 a.
273 4353 555 4409 MDCCCLXXXVII.
575 4355 642 4409 editi
661 4354 826 4409 indicantur.
