3268 5002
698 328 920 392 -73,

224 525 401 590 διαθέσθαι.
459 523 516 588 Bis
549 523 677 588 molossi
712 523 848 589 alterius
880 523 1026 606 syllabae
1061 523 1179 604 longae
1205 523 1281 612 loco
1314 523 1399 588 duae

223 631 339 696 breves
370 637 517 696 exstant:
554 631 584 708 2,
603 631 643 693 21
669 628 787 716 κρα1τεῐ
820 636 855 696 τὸ
891 633 1066 717 θαυμάσιον
1100 637 1133 694 et
1164 630 1193 708 5,
1212 629 1254 694 20
1285 633 1399 716 δυσφυ-

223 739 423 804 λακτότοιτον.

310 843 456 909 Restant
483 843 548 908 loci
575 843 631 923 qui
659 843 822 908 clausulas
850 843 1006 908 iambicos
1034 843 1197 908 exhibent.
1253 842 1398 924 Quarum

223 949 414 1015 brevissima
443 952 472 1030 7,
499 951 517 1013 2
543 957 601 1030 est,
632 949 687 1015 ubi
718 969 782 1015 uno
807 949 966 1015 vocabulo
990 949 1123 1030 dipodia
1147 948 1311 1014 fomratur
1334 948 1397 1034 ἑτι-1

222 1059 438 1144 λελειμμένων.
497 1057 588 1120 Duas
625 1055 786 1136 tripodias
818 1056 974 1122 iambicos
1011 1056 1222 1136 repperimus,
1260 1055 1398 1120 alteram

223 1183 307 1242 qnae
330 1163 455 1228 iambos
474 1181 573 1243 puros
597 1162 744 1228 continet
770 1165 821 1241 10,
840 1164 895 1227 24;
921 1163 1187 1248 aomo-loraszam
1210 1165 1324 1240 πάθος,
1350 1163 1398 1226 al-

223 1276 326 1334 teram
360 1289 400 1334 ea
433 1269 540 1339 foruna
573 1269 730 1349 Indutam,
765 1289 862 1349 quam
895 1270 1102 1334 Hermauuns
1130 1268 1397 1352 ischimrogicnm

223 1376 417 1457 appellavit:
444 1377 473 1456 9,
492 1377 512 1439 8
535 1380 633 1458 aula&
651 1380 822 1463 γεννᾶσθαι
847 1380 936 1462 oller.
980 1377 1136 1442 Dimetris
1159 1375 1305 1442 iambicis
1322 1394 1398 1441 auc-

224 1491 277 1548 tor
300 1483 349 1548 his
372 1483 452 1547 locis
477 1482 635 1548 orationis
651 1485 795 1548 membra
813 1483 943 1548 clausit:
970 1487 1000 1564 3,
1021 1485 1041 1548 3
1066 1488 1161 1570 ὕψους
1181 1487 1259 1569 aar,
1280 1486 1398 1570 βάθους

223 1593 326 1678 τέχνη.
366 1592 396 1672 9,
415 1591 457 1655 23
481 1601 686 1678 καταφρονεῖν
702 1594 783 1657 ἐστιν
799 1593 888 1677 μέγα.
929 1593 980 1670 11,
999 1592 1263 1677 7ο1ξιὼμοι1τικο11
1283 1593 1398 1677 διάρσει

223 1701 378 1776 σύνθεσις.
423 1699 508 1779 13,2
534 1695 657 1783 admiror
681 1699 849 1784 ἐξενεγκεῖν
874 1699 966 1776 ἄξιον.
1016 1698 1127 1776 17,19
1151 1700 1289 1764 ἐνταῦθα
1306 1700 1398 1784 σῴζει

222 1810 275 1870 τὸν
290 1807 387 1871 τόνον.
413 1803 476 1886 Qui
494 1805 545 1884 17,
564 1804 606 1869 14
623 1808 734 1868 exstat
750 1803 888 1868 dimeter
902 1803 1069 1884 iambicus
1087 1803 1120 1868 iu
1138 1822 1176 1868 eo
1193 1803 1283 1868 tertii
1299 1803 1399 1869 iambi

222 1929 356 1975 munere
381 1909 532 1993 fungitur
556 1911 723 1992 dactylus:
750 1913 874 1997 tarilano
899 1912 1043 1997 δευτέραν
1066 1916 1121 1996 τὴν
1140 1913 1300 1992 ὑπόθεσιν,
1326 1929 1398 1975 cum

223 2017 326 2097 isqui
350 2017 380 2096 6,
402 2019 421 2081 2
441 2016 576 2099 legitur:
603 2018 690 2084 οὐδὲν
706 2020 766 2103 γάρ
790 2042 864 2103 φασι
885 2020 1046 2104 ξηρότερον
1065 2021 1241 2104 ὑδρωπικοῠ
1258 2017 1399 2082 trimetri

222 2123 353 2189 iambici
383 2123 505 2189 exitum
536 2123 669 2188 efficiat.
723 2123 824 2206 Quem
849 2143 979 2190 uersum
1003 2124 1175 2192 Herselius
1199 2124 1232 2208 (l.
1249 2125 1269 2190 l.
1291 2145 1321 2204 p.
1343 2124 1398 2208 21)

224 2230 412 2311 suspicatur
437 2230 483 2294 sie
508 2231 670 2296 sonuisse:
697 2238 754 2297 aba
778 2235 858 2298 ἐστὶν
883 2235 970 2299 οὐδὲν
990 2234 1152 2319 ξηρότερον
1176 2236 1360 2318 ὑδρωπικοῠ.

312 2339 382 2402 Iam
407 2337 435 2402 si
466 2338 507 2403 ad
532 2344 636 2403 totam
660 2357 757 2418 quam
786 2339 825 2403 de
849 2338 993 2402 numeris
1021 2338 1224 2403 instituimus
1249 2338 1399 2418 disputa-

132 2427 134 2431 ’
225 2444 346 2510 tionem
370 2445 563 2524 respicimus
587 2453 621 2509 et
641 2445 826 2524 quaerimus
850 2445 927 2524 quid
952 2446 993 2510 ad
1017 2463 1084 2510 rem
1108 2447 1228 2525 valeat,
1253 2445 1286 2510 id
1311 2452 1400 2509 certe

225 2551 437 2632 cognovimus
461 2559 628 2616 auctorem
654 2551 781 2617 cavisse
805 2571 846 2616 no
864 2551 995 2632 saepius
1016 2551 1057 2616 iis
1076 2551 1219 2616 numeris
1238 2558 1398 2632 uteretur,

224 2677 306 2740 quos
334 2658 572 2739 vituperandos
603 2661 753 2739 putabat.
807 2659 1056 2724 concedendurn
1090 2659 1217 2738 quidem
1247 2665 1299 2724 est
1327 2677 1399 2724 eum

223 2765 275 2830 hic
305 2773 405 2846 atque
438 2764 505 2828 illio
535 2765 716 2830 oratIonem
746 2765 795 2830 ita
823 2765 957 2831 finxisse
983 2772 1017 2830 ut
1042 2765 1209 2847 pyrrichii,
1240 2765 1397 2847 trochaei,

224 2871 368 2938 dichorei
395 2871 514 2938 vitiose
547 2877 786 2952 repeterentur,
821 2890 936 2938 verum
968 2891 1008 2936 ea
1041 2873 1189 2952 exempla
1222 2881 1290 2936 tarn
1323 2892 1398 2939 raro

225 2984 411 3060 occurrunt,
446 2985 482 3042 ut
517 2978 606 3044 inter
634 2978 717 3044 vitia
750 2979 952 3044 numeranda
981 2978 1047 3043 sint
1076 2997 1160 3057 quae
1180 2961 1234 3043 'ab
1264 2988 1399 3045 auctore

225 3085 373 3150 omnibus
398 3085 625 3165 scriptoribus,
651 3085 679 3150 si
704 3086 790 3151 altas
810 3085 994 3151 sententias
1014 3087 1184 3166 praebent,
1211 3088 1399 3151 condonan-

224 3199 286 3256 tur.
338 3192 462 3257 Contra
487 3191 602 3273 negari
630 3211 695 3256 non
724 3200 834 3272 potest
858 3191 1194 3274 Pseudo-Longinum
1218 3190 1400 3258 orationem

225 3317 316 3363 snam
340 3298 442 3364 variis
477 3298 620 3363 numeris
654 3337 697 3344 -
732 3298 764 3363 in
800 3299 918 3378 quibus
942 3299 1067 3380 dactyli
1100 3318 1229 3379 quoqne
1258 3301 1299 3364 ab
1327 3299 1398 3380 ipso

224 3405 442 3471 commendati
458 3405 671 3486 reperiuntur
691 3445 733 3451 —
751 3405 872 3486 optime
891 3414 925 3470 et
941 3405 1159 3486 pulcherrime
1175 3405 1398 3482 exornavisse,

224 3532 419 3592 quamquam
454 3512 486 3577 in
523 3532 561 3577 eo
594 3532 722 3592 quoquc
756 3513 865 3579 studio
894 3533 1137 3594 nonnumquam
1167 3512 1297 3595 longius
1325 3531 1399 3592 pro-

223 3620 337 3700 lapsus
373 3626 423 3684 cst
457 3626 610 3700 totosque
641 3639 757 3686 versus
790 3619 824 3683 in
853 3619 1003 3686 oratione
1031 3619 1152 3700 posuit,
1186 3627 1222 3684 ut
1250 3618 1290 3683 iIs
1318 3617 1400 3684 locis

224 3745 296 3790 eum
320 3745 436 3807 poema
460 3726 654 3792 dissolutum
677 3727 857 3792 lectoribus
881 3728 1040 3808 praebere
1064 3746 1129 3792 non
1153 3726 1274 3791 inIuria
1298 3726 1398 3792 dicas

224 3833 287 3898 Sed
312 3833 340 3898 si
371 3835 413 3898 ab
437 3832 487 3898 his
512 3833 713 3913 discesseris
744 3853 828 3914 quae
852 3833 963 3916 uragni
988 3833 1087 3898 animi
1110 3833 1194 3899 vitia
1218 3841 1304 3914 siant,
1335 3852 1400 3898 nou

224 3939 392 4005 dubitabis
421 3941 599 4004 concedere
628 3947 795 4004 auctorem
826 3947 1004 4020 praecepta
1033 3959 1093 4006 sua
1117 3940 1216 4006 etiam
1243 3941 1277 4005 in
1302 3959 1341 4006 ea
1365 3959 1400 4007 re

225 4053 373 4111 secutum
397 4064 477 4112 esse.
524 4047 642 4125 ltaque
665 4045 698 4110 in
723 4047 787 4110 fine
810 4046 906 4110 huius
935 4047 974 4111 de
998 4047 1142 4111 numeris
1166 4047 1400 4126 disputationis

225 4152 394 4233 aptissime
432 4152 586 4219 iudicium
624 4151 814 4217 adferamus
847 4154 933 4232 qrrod
968 4155 1081 4218 Morus
1118 4153 1152 4218 in
1190 4152 1400 4234 praefatione

225 4259 379 4326 editionis
404 4261 445 4344 (p.
466 4261 573 4341 XIII.)
593 4260 633 4324 de
650 4259 947 4342 Pseudo-Longino
974 4257 1072 4324 facit:
1099 4260 1344 4338 ‘ste-inquit
1357 4297 1400 4304 —-

227 4370 430 4432 ‘numerosus
455 4375 516 4446 est,
541 4374 578 4431 ut
602 4365 657 4433 vix
681 4373 867 4447 temperare
891 4366 953 4431 tibi
976 4365 1063 4431 iuter
1086 4367 1258 4448 legendum
1283 4365 1399 4446 possis,
