3268 5002
670 324 890 386 -,46.-

280 517 399 596 116666
435 517 462 582 61
497 518 677 599 quaeritur,
718 520 805 582 6666
842 517 985 598 scriptor
1019 519 1301 598 comparationum
1335 524 1369 584 et

192 623 422 705 allegoriarum
451 625 622 690 materiam
650 625 837 705 sumpserit,
870 624 1053 690 sententias
1081 625 1184 691 variis
1212 628 1311 692 rebus
1335 630 1369 691 et

191 729 331 796 diversis
354 729 458 796 modis
483 731 691 797 dilucidiores
715 736 750 796 et
773 730 929 796 clariores
953 732 1070 797 reddit.
1114 733 1218 804 Semel
1239 739 1369 798 tanturn

191 836 257 921 (16,
283 838 315 917 8)
340 839 382 902 66
406 837 578 920 Olympum
605 859 665 905 nos
689 839 793 917 reicit,
819 859 882 918 666
908 839 979 903 1666
1007 839 1190 904 Homericis
1218 839 1369 905 versibus

190 943 369 1008 Homerum
388 963 460 1010 curn
480 946 608 1010 Graeco
632 945 710 1010 belli
733 948 793 1011 deo
818 951 996 1026 comparat.
1024 945 1162 1016 ,Ceteris
1185 945 1266 1010 locis
1285 964 1369 1012 corn-

191 1050 384 1130 parationes
397 1035 432 1116 et
448 1052 622 1135 allegorias
639 1073 656 1117 e
672 1059 793 1117 natura
810 1059 843 1117 et
860 1071 900 1116 ex
916 1052 1081 1118 hominurn
1096 1051 1167 1118 vita
1187 1053 1369 1133 studiisque

192 1157 310 1222 haurit.
359 1159 457 1223 Velut
486 1159 588 1241 3617
619 1160 763 1240 procella
787 1166 1068 1240 commemoratur,
1100 1161 1151 1240 37,
1179 1160 1220 1223 15
1244 1159 1367 1241 varius,

193 1266 243 1346 16,
271 1266 312 1331 16
336 1266 448 1331 666116
469 1268 631 1331 66666666
655 1273 784 1336 ventus.
825 1269 1018 1347 Tempestas
1039 1266 1173 1349 fulgura
1189 1272 1223 1331 et
1242 1266 1369 1332 tonitru

193 1391 302 1437 secum
322 1371 434 1438 ferens
456 1373 486 1451 2,
507 1374 549 1437 26
567 1373 661 1438 nobis
682 1373 835 1445 occurrit,
857 1373 953 1439 simili
970 1376 1064 1439 modo
1083 1374 1190 1456 54,16
1208 1373 1319 1456 fulgur
1337 1378 1370 1438 61

192 1479 328 1544 tonitru.
355 1480 405 1544 De
416 1498 534 1562 magno
549 1479 700 1546 inccndio
713 1488 830 1547 auctor
843 1483 894 1561 24,
907 1482 949 1545 26
963 1480 1116 1560 loquitur,
1129 1481 1369 1564 deigne16,18

192 1587 304 1664 6152,
331 1587 358 1651 7.
397 1587 449 1665 44,
476 1587 518 1650 20
542 1587 623 1652 lucis
645 1595 678 1652 et
702 1589 755 1670 31,
782 1589 821 1651 11
850 1586 1032 1668 splendoris
1055 1571 1197 1667 aliquam
1223 1606 1292 1654 rem
1313 1589 1370 1652 ob-

192 1693 358 1758 scurantis
375 1693 497 1758 mentio
515 1695 559 1760 iit.
595 1697 644 1759 De
661 1696 751 1760 caelo
768 1715 840 1761 curn
857 1695 1019 1776 scriptore
1035 1696 1077 1760 66
1093 1698 1217 1760 terram
1233 1696 1370 1760 descen-

193 1799 298 1866 dimus
323 1807 357 1865 et
381 1799 631 1868 fundamentum
655 1802 876 1884 compluribus
900 1808 1010 1866 terrae
1030 1802 1182 1882 partibus
1202 1821 1371 1867 commune

194 1907 243 1987 10,
270 1908 313 1972 20
342 1907 570 1989 conspicimus.
618 1909 729 1974 Etiam
760 1910 800 1974 de
829 1909 934 1974 antris
965 1928 1108 1989 vapores
1137 1909 1370 1974 anhelantibus

195 2033 375 2096 anonymus
410 2016 461 2096 26,
492 2017 512 2080 5
547 2015 700 2095 loquitur.
751 2017 857 2097 Saepe
892 2017 934 2081 66
967 2035 1074 2096 66666
1109 2021 1147 2081 61
1181 2015 1230 2080 116
1265 2015 1371 2082 dicam

198 2122 388 2186 elementum
416 2122 575 2188 reicimnr.
623 2124 721 2188 Velut
745 2125 797 2204 24,
824 2124 865 2188 15
890 2125 931 2188 66
956 2143 1045 2188 marc
1069 2123 1228 2200 ducimur,
1259 2128 1294 2188 et
1319 2124 1369 2204 17,

198 2227 236 2290 22
260 2247 427 2294 recessum
444 2236 557 2296 aestus
574 2230 699 2295 Oceani
715 2249 787 2296 cum
804 2230 965 2311 scriptore
982 2231 1249 2311 contemplamur.
1287 2229 1371 2294 Aliis

193 2334 272 2399 locis
308 2337 348 2400 de
380 2335 566 2402 fluminibus
607 2337 684 2420 agit.
755 2339 809 2403 116
844 2338 895 2418 25,
944 2337 985 2402 10
1026 2337 1169 2418 scriptor
1208 2336 1372 2417 placidum

192 2441 312 2508 fiumen
336 2444 430 2508 nobis
454 2450 628 2525 monstrat,
654 2462 726 2509 curn
750 2444 908 2510 torrentis
932 2443 1040 2526 imago
1061 2445 1113 2523 46,
1134 2447 1154 2508 6
1178 2443 1273 2509 nobis
1294 2449 1372 2508 ante

194 2550 306 2614 oculos
322 2556 483 2617 versetur.
507 2550 619 2615 Etiam
635 2551 677 2614 ab
694 2550 870 2616 artificioso
888 2569 993 2630 aquae
1010 2568 1149 2629 corsua
1166 2550 1372 2616 derivatione

192 2655 335 2722 fluminis
356 2658 408 2737 26,
431 2657 472 2721 10
489 2662 523 2722 et
539 2677 559 2722 a
575 2663 673 2738 portu
692 2657 741 2733 15,
763 2657 783 2721 5
807 2657 914 2739 imago
939 2657 1079 2723 ducitur.
1122 2656 1286 2722 Animalia
1302 2677 1371 2722 ma-

193 2763 310 2828 teriam
331 2782 396 2828 666
413 2765 574 2844 praebent
591 2763 653 2828 nisi
670 2765 797 2829 duobus
813 2764 902 2844 locis,
924 2764 975 2843 28,
995 2765 1036 2827 22
1053 2763 1110 2828 ubi
1126 2763 1372 2844 comparatione

194 2887 234 2932 ex
250 2869 386 2935 Homeri
402 2871 506 2936 iliade
526 2875 657 2950 sumpta
679 2869 856 2952 Euripides
875 2871 930 2951 qui
950 2890 990 2936 ex
1010 2891 1044 2936 se
1061 2870 1224 2954 tragicum
1240 2875 1372 2951 poetam

195 2975 314 3042 fecerit
351 2996 423 3042 curn
456 2978 550 3042 leone
580 2977 763 3058 confertur,
801 2977 857 3057 qui
892 2980 997 3044 cauda
1032 2979 1139 3043 latera
1170 2979 1309 3062 plangat
1339 2984 1372 3042 et

194 3083 247 3163 69,
271 3084 321 3164 16,
347 3083 402 3148 ubi
426 3084 626 3166 cupiditates
650 3085 814 3150 hominurn
839 3103 911 3150 cum
935 3085 1050 3150 bestiis
1075 3103 1245 3150 coarcere
1263 3083 1372 3150 missis

195 3196 437 3269 comparantur.

284 3297 391 3362 Maior
430 3303 540 3364 autem
577 3299 858 3379 comparationum
896 3305 929 3363 et
961 3300 1191 3382 allegoriarum
1220 3317 1298 3380 pars
1330 3301 1372 3363 ab

195 3402 324 3469 homine
354 3405 488 3486 eiusque
516 3406 587 3472 vita
618 3412 651 3470 61
686 3405 804 3471 6166116
840 3406 997 3471 66161166·
1039 3406 1085 3471 Et
1115 3411 1372 3470 consentaneum

196 3511 325 3591 quidem
354 3518 406 3578 est
432 3512 467 3577 in
489 3512 599 3577 libello
624 3512 679 3593 qui
704 3512 743 3576 66
767 3512 968 3577 sublimitate
997 3512 1066 3595 agit
1089 3512 1192 3577 multo
1218 3511 1372 3576 maiorem

196 3638 365 3684 numerum
407 3620 448 3683 ab
489 3619 529 3685 iis
571 3622 670 3684 rebus
712 3621 846 3684 ductum
884 3638 967 3700 esse,
1010 3639 1093 3699 quae
1133 3620 1174 3684 ad
1208 3618 1373 3684 hominum

196 3725 332 3805 animoa,
372 3727 413 3791 ad
449 3726 597 3792 rationes
630 3745 714 3806 quae
744 3726 832 3791 inter
862 3745 918 3791 cos
948 3725 1166 3808 intercedunt,
1207 3727 1248 3791 ad
1279 3725 1373 3791 varia

196 3831 361 3896 hominum
385 3832 495 3898 studia
514 3833 690 3914 pertinent.
730 3833 849 3913 ltaque
868 3839 905 3898 ut
925 3834 967 3896 ab
986 3832 1124 3898 hominis
1144 3839 1243 3913 partu
1264 3833 1373 3897 ordia-

195 3958 268 4004 mur
291 3939 344 4018 68,
371 3939 412 4003 13
442 3940 703 4021 procreationem
727 3939 903 4004 liberorum
927 3946 960 4004 et
988 3940 1039 4018 27,
1065 3941 1085 4002 6
1110 3939 1235 4004 foetum
1258 3939 1373 4004 imma-

197 4052 307 4110 turum
323 4051 358 4110 61
373 4065 516 4125 caecum,
538 4048 657 4111 abortu
674 4045 788 4110 elisum
805 4065 843 4110 ac
860 4046 957 4126 plane
973 4045 1212 4134 imperfectum,
1230 4045 1374 4126 scriptor

197 4159 436 4218 commemorat.
489 4154 539 4218 De
569 4152 712 4218 infantis
744 4153 872 4217 nutrice
903 4153 956 4233 66,
984 4153 1024 4217 15
1054 4153 1207 4232 loquitur.
1261 4152 1376 4217 Etiam

197 4278 348 4325 arcarum
378 4259 495 4340 quibus
519 4260 759 4342 Pygmaeorum
783 4260 835 4324 vel
859 4278 1019 4325 nanorum
1042 4259 1137 4324 liberi
1160 4251 1374 4324 includuntur
1403 4279 1404 4284 ¹

183 4366 394 4432 mentionem
418 4366 489 4431 fieri
512 4386 613 4447 supra
635 4366 785 4434 vidimus,
827 4367 909 4431 Turn
929 4365 1086 4431 nonnulla
1111 4384 1238 4445 quoque
1263 4384 1280 4430 6
1303 4366 1375 4432 vita

1178 4489 1194 4540 4
