3268 5002
728 323 809 370 ,ε
856 283 897 354 18
943 327 986 337 -

378 484 418 554 In
443 487 607 570 primariis
631 487 805 553 sententiis
828 488 891 552 hae
915 487 1043 568 positae
1067 493 1161 553 sunt:
1191 488 1243 572 24,
1269 487 1309 553 21
1335 494 1370 556 οὐ
1394 487 1463 557 κατ’

291 599 373 662 ἄλλα
401 598 435 662 δέ
457 621 524 664 τινα
546 599 567 682 ί)
590 607 696 678 ταῦτα,
726 598 792 682 ἐμοί
816 599 910 679 δοκεῖ,
942 597 1069 682 φίλτατε
1093 597 1273 684 Τερεντιανὲ
1303 596 1398 684 (λέγω
1430 600 1464 664 δέ

292 700 420 789 [eilmod
450 707 521 790 ημῖν
552 705 593 782 ὡς
616 702 766 789 Ἕλλησιν
797 704 913 790 ἐφεῖταί
933 727 960 768 τι
984 701 1159 790 γινώσκειν)
1186 707 1239 770 καί
1269 707 1286 769 ό
1309 707 1461 791 Κικέρων.

291 810 343 891 43,
369 811 411 875 22
443 813 518 877 όόεν
548 814 601 877 καί
631 816 683 876 τόν
706 813 861 877 Πλάτωνα
893 809 1001 896 (δεινός
1028 815 1088 897 γάρ
1112 813 1159 877 ἀεί
1182 814 1251 898 περί
1275 824 1381 899 σχῆμα
1404 817 1464 880 κάν

289 941 366 984 τισιν
397 915 545 1004 ἀκαίρως)
577 920 608 984 ἐν
638 929 701 996 τοῖς
731 919 844 1004 Νόμοις
875 935 941 998 eqs
968 918 1020 998 57,
1047 918 1088 982 15
1118 929 1183 997 ταῖς
1214 921 1247 984 δὲ
1278 931 1464 1005 μεταφοραῖς

290 1036 459 1110 γειτνιῶσιν
479 1023 650 1110 (ἐπανιτέον
669 1023 741 1110 γάρ)
761 1027 792 1089 αί
810 1026 984 1111 παραβολαί
1004 1043 1070 1104 eqs,
1112 1025 1202 1089 'Huic
1228 1025 1341 1108 generi
1364 1025 1463 1090 etiam

290 1149 361 1196 eam
385 1129 608 1211 parenthesim
637 1131 885 1196 adnumeremus
916 1150 1000 1211 quae
1024 1131 1076 1210 66,
1102 1133 1122 1195 6
1147 1136 1266 1197 exstat.
1313 1131 1364 1196 Ibi
1388 1137 1464 1213 post

291 1237 473 1302 subiectum
496 1235 647 1319 logicum,
672 1236 701 1301 si
723 1237 772 1301 ita
794 1237 884 1317 loqui
906 1237 994 1317 licet,
1019 1244 1053 1304 et
1077 1238 1303 1319 praedicatum
1328 1243 1361 1304 et
1385 1243 1463 1304 ante

291 1343 474 1409 subiectum
498 1343 684 1408 sententiae
700 1344 908 1425 parenthesis
925 1345 1123 1426 interposita
1144 1350 1211 1410 est:
1238 1349 1337 1414 ἐκεῖνο
1362 1349 1462 1433 μέντοι
1589 1355 1591 1358 ’

290 1454 397 1517 λοιπόν
414 1449 519 1536 (ἕνεκα
539 1464 593 1538 τῆς
613 1465 668 1538 σης
684 1454 937 1540 χρηστσμαδείας
953 1457 1011 1518 οὐκ
1027 1455 1199 1540 όκνησομεν
1216 1453 1462 1541 ἐπιπροσθεῖναι)

290 1561 479 1645 διασαφῆσαι
504 1577 569 1638 eqs

381 1665 431 1741 16,
459 1665 497 1727 11
530 1665 737 1746 parenthesis
768 1670 844 1745 post
868 1656 1009 1745 priorem
1033 1669 1161 1746 partem
1186 1667 1371 1733 sententiae
1394 1667 1459 1749 pri-

290 1770 414 1838 mariae
444 1773 570 1836 duobus
601 1771 752 1837 membris
782 1771 915 1836 iunctae
939 1777 1066 1838 exstat:
1099 1778 1134 1839 οὐ
1164 1779 1228 1860 γὰρ’
1255 1777 1311 1862 ζῆν
1340 1781 1458 1862 εὔχεται

290 1879 340 1967 (ἦν
370 1885 429 1966 γάρ
459 1884 494 1944 τό
525 1883 639 1965 αἴτημα
666 1891 720 1944 τοῦ
744 1883 844 1964 ἥρωος
867 1878 1093 1968 ταπεινότερον)
1117 1879 1187 1946 ἀλλ’
1211 1899 1277 1960 eqs,
1324 1883 1362 1946 In
1387 1900 1459 1947 sen-

290 1986 396 2051 tentia
419 1985 670 2067 interrogativa,
702 2004 786 2065 quae
819 2005 859 2050 ex
890 1986 1018 2052 duabus
1047 1986 1197 2067 partibus
1221 1993 1273 2054 καὶ
1298 1987 1462 2069 particula

290 2092 474 2158 coniunctis
499 2091 661 2169 consistit,
694 2093 902 2173 parenthesis
927 2097 1003 2174 post
1027 2094 1167 2174 priorem
1192 2102 1319 2176 partem
1342 2096 1464 2180 legitur

290 2200 417 2280 23,18:
442 2200 462 2286 ᾖ
487 2202 587 2286 μέντοι
612 2203 747 2287 διαφέρει
766 2213 819 2266 τοῦ
840 2202 950 2287 ἀρτίως
969 2204 1128 2287 εἰρημένου
1153 2209 1192 2268 τὰ
1215 2216 1266 2270 νῦν
1287 2207 1463 2290 παραγγελ·

290 2311 405 2394 λόμενα
429 2306 614 2394 (περιγραφὴ
635 2311 694 2394 γάρ
718 2332 762 2386 τις
786 2308 822 2394 ἦν
839 2311 938 2375 ἐκεῖνο
955 2320 1015 2376 των
1031 2313 1136 2395 ἄκρων
1153 2313 1320 2396 λημμάτων
1344 2313 1396 2374 καί
1420 2313 1463 2386 είς

290 2417 418 2501 ἑνότητα
446 2413 599 2499 σύνταξις)
628 2418 681 2480 καί
710 2416 766 2482 τίνι
794 2418 938 2481 καδόλου
968 2434 1033 2496 eqs
1080 2415 1181 2481 Simili
1210 2414 1339 2480 ratione
1363 2415 1415 2497 54,
1441 2416 1461 2479 9

289 2521 497 2602 parenthesis
528 2521 663 2586 inmissa
695 2528 759 2587 est:
797 2521 848 2608 [rol
871 2521 1042 2610 Ὑπερίδου)
1073 2529 1124 2591 τόν
1155 2528 1310 2611 ἀκροατὴν
1339 2527 1462 2609 ἠρεμεῖν

289 2633 388 2696 ἐῶντα
412 2628 523 2714 (οὐδεὶς
546 2642 621 2716 γοῦν
638 2629 796 2716 Ὑπερίδην
821 2632 1043 2718 ἀναγινώσκων
1068 2631 1228 2718 φοβεῖται),
1254 2634 1270 2696 ό
1294 2635 1328 2696 δὲ
1352 2649 1416 2710 eqs,

377 2736 446 2800 Iam
478 2755 534 2801 eas
559 2737 773 2816 parentheses
798 2755 1022 2803 enumeremus
1046 2757 1130 2817 quae
1153 2738 1240 2803 inter
1265 2738 1463 2804 sententiam

289 2841 475 2924 primariam
507 2847 541 2906 et
564 2843 792 2908 secundariam
815 2843 1032 2925 interpositae
1057 2847 1142 2909 sunt.
1188 2845 1306 2925 itaque
1330 2847 1382 2925 35,
1410 2845 1460 2926 19,

289 2949 344 3029 qui
373 2950 464 3015 locus
489 2955 665 3030 corruptus
690 2955 750 3030 est,
782 2951 990 3031 parenthesis
1017 2951 1127 3032 ¹prima
1150 2952 1252 3017 verba
1277 2951 1462 3017 sententiae

289 3057 360 3121 sine
384 3056 481 3121 dubio
506 3056 681 3137 primariae
707 3057 864 3138 sequitur,
897 3063 973 3139 post
1003 3057 1224 3138 parenthesim
1257 3064 1366 3124 autem
1396 3078 1460 3123 non

289 3161 402 3227 statim
431 3163 588 3243 primaria
619 3164 786 3229 sententia
817 3167 858 3230 ad
888 3165 983 3230 finem
1014 3165 1155 3248 ducitur,
1186 3168 1244 3232 sed
1267 3165 1462 3232 secundaria

288 3269 419 3350 incipit:
461 3275 504 3336 ἔτι
536 3272 636 3338 τοίνυν
668 3270 713 3356 (ἓν
741 3274 800 3358 γάρ
829 3297 856 3337 τι
884 3285 945 3340 τῶν
975 3275 1179 3359 ὑψηλοτάτων
1209 3279 1244 3338 τό
1271 3273 1462 3359 Ἡροδότειον

288 3376 499 3462 πεπίστευται)
524 3381 550 3443 εἰ
574 3384 671 3456 οὕτως
695 3379 773 3443 ἕ**.
817 3379 907 3458 57,8
933 3379 1099 3444 sententia
1124 3379 1319 3444 secundaria
1342 3377 1460 3460 imper-

290 3483 411 3549 fectam
437 3483 625 3564 primariam
660 3485 808 3564 sequitur
838 3491 872 3549 et
906 3488 947 3551 ad
982 3505 1053 3551 eam
1087 3485 1263 3550 referenda
1296 3489 1357 3564 est,
1389 3505 1461 3550 cum

290 3590 455 3656 sententia
471 3589 627 3670 primaria
652 3591 842 3658 accusativo
868 3611 938 3657 oum
962 3592 1125 3658 infinitivo
1150 3593 1330 3674 expleatur.
1369 3594 1461 3657 Inter

289 3697 429 3778 priorem
461 3702 571 3762 autem
595 3697 770 3778 primariae
794 3703 920 3779 partem
946 3703 979 3764 et
1003 3701 1229 3765 secundariam
1254 3699 1461 3781 parenthesis

288 3803 487 3885 interposita
504 3810 554 3868 est
572 3804 623 3885 57,
643 3807 678 3870 8:
704 3808 853 3891 προσήκει
878 3806 904 3872 δ’
921 3812 1002 3893 όμως
1027 3807 1232 3894 (ἀνακάμπτει
1251 3813 1310 3894 γάρ
1334 3809 1383 3872 ἐπί
1407 3812 1462 3893 την

289 3917 388 3999 ἀρχὴν
411 3915 482 3998 ημῖν
505 3924 559 3976 τοῦ
584 3915 800 3999 ὑπομνηματος
824 3913 1048 4000 ἡπαραίνεσις)
1073 3919 1178 4001 ἐπειδὴ
1195 3953 1238 3960 ——
1254 3951 1297 3959 —
1313 3915 1461 4001 βοήθημα

288 4031 326 4104 τῇ
346 4021 434 4104 φύσει
454 4021 553 4105 πάντη
572 4021 757 4105 πορίζεσθαι
776 4026 831 4107 τἠν
847 4023 966 4108 τέχνην.
999 4021 1154 4087 Similiter
1170 4023 1222 4102 69,
1241 4021 1260 4083 9
1279 4020 1366 4086 inter
1386 4040 1461 4085 sen-

289 4125 426 4190 tentiam
451 4125 638 4206 primariam
663 4125 845 4207 perfectam
871 4132 905 4192 et
925 4128 1152 4193 secundariam
1168 4147 1253 4208 quae
1277 4129 1318 4193 ad
1342 4147 1461 4193 novam

289 4230 476 4312 primariam
515 4239 647 4314 spectat
676 4234 885 4314 parenthesis
915 4233 1114 4315 interposita
1144 4239 1211 4300 est:
1258 4240 1292 4300 οὐ
1322 4240 1381 4322 γὰρ
1412 4238 1461 4301 ἐπὶ

289 4341 386 4425 κρίσει
411 4343 465 4426 μὲν
488 4364 531 4419 τις
548 4343 714 4419 δεκασόείς
731 4347 788 4406 οόκ
805 4347 841 4407 ἂν
861 4346 904 4406 ἔτι
921 4354 981 4408 τῶν
998 4344 1125 4410 δικαίων
1141 4344 1194 4408 καί
1210 4345 1316 4410 καλῶν
1333 4345 1461 4408 ἐλεόδε-
