3268 5002
734 344 954 405 ..11-

253 540 427 605 verborum
457 557 541 618 quae
563 536 727 602 Hesiodus
752 537 792 602 de
817 534 989 602 fructuosa
1013 537 1225 604 contentione
1247 537 1337 619 fecit,
1360 557 1431 604 cer-

254 655 364 710 tamen
398 645 437 709 de
470 643 658 725 principatu
691 642 840 708 omnihus
864 643 990 709 viribus
1016 644 1201 728 ingreditur
1229 646 1315 725 quod
1343 645 1430 710 inter

254 753 426 816 Platonem
451 760 484 815 et
507 751 683 816 Homerum
709 748 813 814 fuisse
836 748 907 829 ipse
931 749 1011 815 dicit
1035 751 1100 834 (26,
1128 751 1192 836 15).

342 856 548 924 Gravissima
571 874 650 922 vero
679 861 712 919 et
741 855 1004 921 consideratione
1028 856 1221 940 dignissima
1245 862 1322 923 sunt
1346 877 1430 938 quae

253 969 370 1029 auctor
403 969 578 1044 praeterea
611 964 651 1028 de
682 961 867 1027 imitatione
896 981 1087 1045 magnorum
1119 963 1315 1044 scriptorum
1344 963 1431 1030 dicit.

252 1073 366 1136 Monet
390 1089 450 1135 nos
474 1072 538 1152 (27,
566 1070 596 1151 1)
621 1075 658 1135 ut
681 1068 769 1133 inter
792 1067 999 1134 scribendum
1024 1069 1130 1134 animo
1154 1069 1325 1154 fingamus
1351 1090 1431 1151 quo-

253 1179 346 1242 modo
370 1178 547 1242 Homerum
572 1181 631 1240 aut
654 1176 826 1240 Platonem
855 1180 914 1240 aut
938 1176 1189 1241 Demosthenem
1218 1181 1277 1243 aut
1300 1177 1431 1260 Thucy-

255 1283 359 1348 didem
379 1302 522 1364 eaquae
546 1281 727 1348 scribamus
748 1300 963 1362 expressuros
983 1281 1087 1348 fuisse
1106 1289 1266 1363 putemus
1312 1282 1432 1348 Maiori

255 1389 391 1454 utilitati
422 1408 493 1454 eam
525 1386 821 1454 considerationem
852 1387 923 1452 fore
956 1407 1021 1468 qua
1051 1388 1290 1472 interrogaturi
1321 1390 1430 1468 simus

254 1514 316 1576 quo
350 1495 458 1560 animo
487 1496 652 1560 Homerus
685 1495 924 1559 Demosthenes
958 1495 1023 1575 alii,
1058 1494 1085 1560 si
1116 1496 1282 1578 adessent,
1316 1502 1432 1562 nostra

253 1604 355 1668 verba
389 1601 535 1668 audituri
568 1608 688 1666 essent.
743 1601 796 1664 Ad
827 1620 984 1666 summam
1016 1620 1094 1667 vero
1127 1602 1366 1668 absolutionem
1399 1608 1433 1668 et

254 1706 491 1789 perfectionem
510 1727 568 1773 nos
584 1712 743 1772 venturos
760 1725 842 1787 esse,
869 1706 896 1771 si
913 1707 1092 1790 cogitaturi
1109 1707 1219 1790 simus,
1241 1727 1304 1788 quo
1322 1709 1429 1774 animo

253 1813 379 1894 posteri
403 1833 443 1879 ea
466 1834 550 1894 quae
573 1813 811 1895 prodiderimus
834 1813 953 1878 lecturi
977 1813 1051 1878 sint.

344 1920 469 2001 anbus
488 1919 675 2000 praeceptis
694 1938 760 1984 non
776 1920 870 1984 modo
890 1904 1051 2000 subtilem,
1072 1919 1127 2000 qui
1147 1939 1181 1985 se
1200 1919 1271 2000 ipse
1290 1921 1430 2000 noverit,

258 2044 368 2090 uerum
400 2025 497 2090 etiam
527 2025 693 2091 sublimem
723 2025 864 2090 arrinmm
895 2026 1023 2091 ostendi
1052 2026 1198 2106 equidem
1226 2045 1293 2091 non
1318 2026 1431 2092 dubito

258 2133 462 2198 contendere.
507 2133 626 2214 Itaque
648 2132 745 2198 huius
769 2132 875 2214 partis
899 2132 1143 2208 dissertationis
1173 2133 1269 2198 finem
1297 2132 1360 2197 iam
1391 2132 1431 2198 iis

258 2237 376 2303 faciam
407 2243 443 2303 ut
474 2238 579 2304 dicam
604 2237 816 2304 sublimitatis
839 2239 1053 2320 interpretem
1082 2239 1224 2304 animum
1253 2240 1296 2304 ad
1319 2258 1431 2305 veram

254 2345 509 2427 magnitudinem
543 2347 735 2426 provexisse
765 2353 1010 2427 praeceptaque
1040 2347 1267 2427 quae=primo
1288 2347 1359 2411 loco
1392 2346 1431 2410 de

254 2450 458 2517 sublimitate
482 2451 619 2530 dederit,
644 2453 752 2533 ipsum
776 2452 897 2533 optime
922 2459 1070 2518 secutum
1095 2471 1175 2518 esse.

815 2629 868 2696 ΙΙ.

341 2755 529 2820 Proximum
562 2753 774 2820 sublimitatis
810 2753 935 2819 fontem
971 2754 1299 2837 Pseudo-Longinus
1332 2755 1430 2820 vehe-

253 2869 392 2928 mentem
413 2868 513 2941 atque
532 2860 704 2926 incitatum
725 2860 893 2927 adfectum
910 2879 982 2927 esse
1002 2860 1089 2926 dicit.
1137 2862 1220 2927 Sunt
1239 2861 1294 2941 qui
1313 2867 1431 2942 putent

254 2988 326 3035 eum
357 2967 481 3034 fontem
512 2967 546 3032 in
578 2987 616 3032 eo
646 2967 756 3032 libello
785 2969 826 3033 de
859 2987 922 3048 quo
952 2967 1079 3050 egimus
1109 2968 1239 3034 omnino
1267 2987 1332 3034 non
1362 2975 1432 3032 tra-

254 3081 378 3140 ctatum
403 3093 484 3151 essa,
510 3073 568 3140 sed
584 3081 759 3140 'auctorem
784 3073 847 3139 alio
871 3073 954 3140 libro
978 3074 1099 3139 ineam
1123 3093 1191 3138 rem
1214 3073 1432 3155 inquisivisse.

254 3182 379 3264 Quibus
408 3180 556 3261 equidem
590 3179 746 3246 assentiri
776 3200 842 3245 non
873 3199 1015 3262 possum,
1049 3181 1105 3245 sed
1136 3179 1277 3246 Vahleni
1307 3179 1431 3246 indices

253 3287 451 3371 marginales
482 3305 564 3367 quos
594 3287 628 3351 in
658 3286 802 3352 editione
833 3286 944 3368 posuit
974 3293 1107 3352 secutus
1132 3287 1200 3351 eius
1225 3286 1344 3368 capitis
1368 3287 1431 3351 ini-

254 3395 333 3460 tium
363 3395 489 3475 quidem
522 3413 593 3460 cum
625 3395 752 3459 duobus
780 3393 925 3460 Parisini
955 3392 1044 3458 foliis
1075 3392 1238 3473 amissum,
1273 3392 1431 3472 reliquam

253 3520 331 3567 vero
355 3505 484 3582 partem
508 3506 738 3566 conservatam
762 3519 835 3567 esse
859 3505 948 3583 puto.
994 3499 1089 3582 Quod
1108 3507 1209 3580 caput
1229 3505 1296 3564 tres
1316 3503 1431 3579 partes

253 3607 384 3674 videtur
408 3605 619 3687 continuisse,
646 3625 743 3672 unam
767 3609 807 3673 de
831 3606 970 3673 diversis
994 3607 1145 3672 adfectus
1170 3605 1354 3688 generibus
1383 3606 1431 3670 al-

253 3719 356 3778 teram
377 3714 417 3778 de
435 3712 620 3777 imitatione
638 3717 833 3796 magnorum
849 3714 1003 3794 virorum,
1029 3711 1161 3776 tertiam
1186 3713 1225 3775 de
1245 3712 1430 3792 phantasia.

340 3820 400 3884 Ao.
421 3819 546 3900 primae
576 3819 704 3899 quidem
734 3820 839 3900 partis
870 3818 1045 3885 sententiis
1070 3836 1153 3897 quae
1178 3817 1278 3882 etiam
1300 3823 1431 3884 restant

253 3927 316 3991 duo
341 3924 531 3990 adfectuum
561 3943 683 4007 genera
710 3925 798 3991 inter
828 3945 864 3990 se
888 3929 1108 4007 opponuntur,
1139 3942 1210 3988 cum
1239 3926 1279 3990 de
1303 3925 1431 3990 Cicero-

253 4032 353 4096 niana
389 4031 565 4096 latitudine
604 4043 638 4096 et
675 4032 714 4097 de
751 4030 977 4114 magnitudine
1014 4031 1269 4096 Demosthenica
1308 4036 1342 4096 et
1379 4032 1430 4096 cui

253 4156 401 4218 quaeque
431 4139 503 4203 loco
534 4143 614 4218 apte
643 4137 687 4204 sit
718 4143 846 4220 agatur.
893 4136 972 4202 Cum
1003 4142 1111 4202 autem
1142 4137 1224 4202 haec
1254 4139 1431 4202 secundum

254 4243 447 4324 scriptorem
476 4246 518 4309 ad
542 4244 607 4311 vim
635 4246 733 4310 rebus
763 4244 945 4308 addendam
970 4248 1003 4308 et
1028 4243 1210 4308 auditorem
1235 4243 1394 4325 obstupet
1417 4281 1430 4291 -

252 4348 400 4415 ciendum
433 4353 679 4416 accommodata
708 4350 761 4426 sit,
796 4350 1030 4415 Ciceronianae
1057 4348 1227 4415 latitudini
1256 4349 1348 4414 locus
1379 4355 1430 4414 est
