3268 5002
738 260 959 325 „30..

347 457 397 520 Ea
430 455 570 521 imitatio
605 475 669 520 non
703 454 838 536 furtum,
873 455 932 521 sed
964 473 1122 536 expressa
1163 453 1342 520 formarum
1377 461 1438 519 aut

260 561 441 646 effigiarmn
467 569 524 628 aut
549 582 681 644 opernm
706 561 883 628 similitudo
908 567 972 626 est:
999 563 1063 626 11.

348 670 445 734 Plato
477 689 630 753 magnum
658 667 801 734 fructum
832 688 872 734 ex
905 667 1089 734 imitatione
1118 668 1261 747 Homeri,
1296 687 1439 748 quocum

261 779 300 842 de
324 776 511 857 principatu
536 777 687 853 certavit,
713 776 819 858 cepit:
847 777 961 841 24:
978 778 1007 840 6.

349 883 486 948 Hesiodi
509 882 712 948 adhortatio:
741 885 768 948 1.

349 990 431 1054 Eius
456 989 644 1054 certaminis
669 989 787 1069 gloria:
814 991 842 1054 2.

352 1132 466 1211 ltaque
501 1150 627 1213 semper
660 1131 766 1196 auimo
800 1131 960 1215 fingamus
993 1131 1152 1210 quomodo
1191 1149 1275 1212 quae
1314 1130 1441 1195 dicturi

261 1257 371 1304 sumus
391 1259 527 1320 magnos
548 1237 726 1318 scriptores
747 1257 786 1303 ea
801 1238 948 1302 dicturos
967 1237 1069 1302 fuisse
1086 1244 1250 1318 putemus:
1276 1237 1329 1301 32
1344 1266 1386 1293 z
1401 1240 1436 1318 53

260 1348 419 1425 quomodo
436 1345 464 1410 si
479 1347 635 1410 adessent
653 1352 766 1409 nostra
779 1348 881 1410 verba
898 1343 1042 1410 audituri
1058 1343 1250 1409 videantur:
1277 1345 1296 1408 3
1310 1345 1329 1407 2
1344 1373 1386 1400 z
1401 1347 1436 1424 53

261 1471 322 1532 quio
346 1452 453 1516 animo
478 1451 602 1532 posteri
626 1470 665 1516 ea
689 1451 808 1516 lecturi
832 1451 913 1516 sint:
940 1452 1055 1514 32:
1073 1453 1102 1515 5.

350 1559 406 1621 33
452 1560 509 1622 33
556 1559 700 1623 4211
750 1560 806 1622 24
855 1555 999 1645 12132
1046 1559 1102 1621 32
1149 1559 1214 1622 32.

260 1703 337 1782 Cap.
354 1701 511 1765 XXXIV.
535 1700 818 1765 Demosthenes
843 1719 922 1764 crum
947 1699 1146 1782 Hyperide
1176 1709 1437 1781 comparatur.
1502 1693 1504 1700 ’

260 1828 298 1892 Α.
337 1826 371 1890 Si
409 1844 542 1890 nttmero
587 1825 728 1891 virtutes
774 1825 933 1890 orationis
978 1825 1205 1904 aestimantur,
1248 1827 1434 1907 Hyperides

335 1933 587 1997 Demosthenem
613 1942 763 2012 superat:
790 1933 841 2008 52,
861 1933 900 1995 11
918 1971 961 1976 -
977 1932 1030 2012 54,
1050 1934 1077 1996 7.

326 2041 349 2103 Ι.
377 2038 537 2104 Universa
556 2037 742 2120 Hyperides
758 2038 1010 2103 Demosthenem
1030 2058 1163 2104 numero
1180 2039 1340 2104 virtutum
1362 2059 1436 2105 ora-

376 2144 477 2210 tionis
501 2164 658 2225 superare
682 2144 803 2210 dicitur
826 2146 878 2220 52,
901 2147 939 2207 11
959 2183 1000 2191 -
1017 2146 1069 2222 52,
1089 2148 1146 2210 16;
1173 2147 1238 2211 23.

305 2252 347 2316 11.
372 2252 421 2316 Ea
448 2271 532 2331 qnae
548 2251 700 2318 universe
717 2251 900 2318 dictasunt
918 2249 1090 2317 firmantur
1110 2261 1142 2317 et
1163 2255 1438 2333 comprobantur:

350 2380 377 2424 a.
402 2359 588 2440 Hyperides
621 2364 851 2439 praeterquam
883 2358 970 2439 quod
1000 2359 1252 2424 Demosthenem
1285 2358 1438 2424 imitatus

398 2473 456 2546 est,
491 2465 589 2530 etiam
617 2465 740 2547 Lysiae
772 2465 914 2531 virtutes
947 2473 980 2531 et
1011 2472 1218 2531 venustatem
1253 2465 1439 2546 adsumpsit

398 2574 687 2652 52,16-54,1;

395 2683 422 2745 1.
446 2679 626 2761 propositio
650 2679 836 2745 sententiae
860 2682 912 2760 52,
932 2681 972 2743 16
990 2717 1030 2725 -
1047 2681 1099 2759 53,
1118 2683 1152 2744 3:
1179 2682 1215 2760 23

394 2789 421 2852 2.
447 2786 623 2867 expositio;

438 2919 466 2958 α.
491 2895 530 2958 de
554 2893 691 2973 simplici
716 2894 899 2959 elocutione
925 2895 1011 2974 53,3
1031 2933 1074 2940 -
1091 2895 1143 2972 53,
1162 2894 1198 2959 5;
1224 2896 1258 2973 3;
1477 2966 1480 2970 ,

439 3002 464 3086 β.
489 3000 529 3066 de
553 2998 625 3064 aliis
649 2999 839 3078 virtutihus,
871 2999 1019 3081 inprimis
1050 3001 1089 3066 de
1120 3007 1243 3066 sumnia
1268 3000 1431 3066 suavitate

487 3107 841 3189 53,5-53,11;2;
897 3129 900 3136 ’

436 3240 464 3301 γ.
485 3215 526 3279 de
550 3213 622 3279 aliis
647 3213 746 3278 etiam
765 3213 944 3280 virtutibus
968 3215 1208 3294 53,11-54,
1229 3217 1261 3278 1:
1288 3215 1316 3278 2.

349 3323 377 3386 h.
402 3321 526 3387 Contra
550 3322 788 3386 Demosthenes
813 3320 879 3402 (54,
899 3323 915 3385 1
933 3358 975 3367 -
991 3322 1045 3399 54,
1064 3321 1095 3404 7)

395 3431 421 3493 1.
446 3428 567 3493 nullam
592 3447 703 3493 aarum
728 3427 887 3494 virtutum
912 3428 1012 3492 habet
1035 3429 1088 3506 54,
1108 3430 1124 3492 1
1143 3467 1186 3472 -
1202 3428 1254 3507 54,
1273 3429 1306 3492 3:
1331 3428 1367 3508 2;

394 3537 421 3599 2.
446 3534 540 3600 immo
565 3535 597 3599 in
623 3535 825 3604 contrarium
850 3534 954 3599 currit
978 3534 1030 3611 54,
1048 3536 1068 3598 3
1085 3573 1128 3579 —-
1144 3534 1196 3615 54,
1215 3536 1251 3599 5;
1278 3535 1313 3620 2;

393 3644 422 3707 3.
448 3641 628 3722 exemplum
653 3641 704 3722 54,
726 3643 806 3706 5-
823 3643 875 3722 54,
895 3643 929 3705 7;
956 3643 982 3705 1.

259 3769 296 3832 Β.
321 3767 355 3833 Si
378 3767 522 3832 veritate
544 3767 685 3832 virtutes
727 3766 886 3831 orationis
924 3765 1149 3844 aestimantur,
1185 3765 1438 3847 Demosthenes

319 3873 519 3955 Hyperidem
544 3880 681 3954 superat
704 3875 756 3952 54,
775 3876 793 3938 7
810 3912 853 3918 -
871 3873 922 3952 55,
941 3875 970 3939 3.

326 3982 352 4045 Ι.
378 3979 569 4046 Sententiae
593 3979 768 4060 primariae
791 3980 1011 4046 inservientes
1035 3980 1087 4056 54,
1106 3981 1123 4043 7
1141 4017 1184 4026 -
1200 3980 1252 4060 54,
1272 3980 1322 4044 13.

349 4109 376 4152 a.
396 4086 564 4167 Euripidis
577 4087 718 4152 virtutes
733 4087 959 4170 magnitudine
977 4091 1091 4151 carent
1107 4087 1159 4167 54,
1174 4088 1193 4152 6
1206 4125 1250 4132 -
1262 4086 1319 4166 54,,
1330 4086 1385 4152 10:
1400 4086 1443 4177 3,

349 4195 377 4258 h.
398 4193 627 4259 Demosthenis
659 4193 802 4259 virtutes
834 4192 1072 4276 magnitudinis
1101 4192 1224 4273 wplenae
1258 4199 1348 4258 suut:
1384 4194 1437 4277 54,

395 4300 436 4365 10
455 4339 498 4346 —-
522 4303 574 4380 54,
595 4302 652 4365 13;
678 4303 708 4367 3.
