3268 5002
626 359 846 422 ..57-

20 537 21 546 6
67 557 70 562 ’
147 574 259 620 eorum
286 573 454 619 numerum
483 575 553 620 cum
578 554 682 638 simili,
710 559 746 620 ut
775 554 824 618 ita
847 553 960 636 dicam,
989 552 1092 617 lulcro
1115 545 1325 634 grammatico

20 659 22 672 ’
145 663 218 729 sive
241 661 345 744 logico
373 682 411 727 ac
438 663 644 744 metaphoras
673 661 847 726 coniunxit.
894 662 1010 740 ltaque
1039 657 1215 740 allegoriae
1243 675 1326 737 quae

146 768 356 837 excusatione
381 773 502 852 carent,
526 771 567 833 ab
587 769 628 834 iis
649 768 764 850 quibus
780 767 918 849 scriptor
934 765 1172 831 excusationem
1192 763 1326 846 addidit,

145 876 380 941 discernendae
400 882 503 941 crunt.
533 877 570 940 ln
593 876 633 939 iis
658 880 766 940 autem
790 894 872 957 quae
892 874 933 938 ab
950 893 987 938 eo
1003 877 1207 954 excusantur,
1231 887 1325 938 voca-

146 985 259 1049 bidum
282 983 379 1048 fulcri
398 985 466 1048 loco
485 983 623 1065 positum
644 987 701 1048 aut
718 986 758 1048 ad
775 987 877 1047 totam
902 980 1090 1063 allegoriam
1115 986 1173 1044 aut
1197 981 1238 1043 ad
1261 978 1325 1042 sin-

146 1093 228 1172 gula
254 1092 358 1156 verba
381 1093 585 1156 referendum
612 1095 668 1155 est.
711 1090 835 1174 Quibus
859 1088 1043 1170 praemissis
1066 1087 1130 1152 iam
1155 1085 1326 1168 allegoria·

147 1217 218 1263 rum
244 1185 383 1262 indicem
407 1200 532 1264 damus:

360 1321 397 1387 Α.
425 1325 606 1405 allegoriae
629 1342 718 1407 quae
743 1325 962 1388 excusatione
988 1324 1116 1387 carent:

238 1431 269 1512 3,
294 1431 334 1494 17
365 1433 413 1496 δεῖ
439 1435 498 1518 γὰρ
527 1435 628 1508 αὐτοῖς
653 1429 726 1517 [τοῖς
750 1427 918 1518 palluel,
950 1432 991 1507 ὡς
1015 1431 1142 1516 κέντρου
1166 1429 1325 1508 πολλάκις,

28 1543 32 1550 ’
86 1580 89 1590 ·
150 1545 230 1604 οὕτω
261 1541 294 1604 δὲ
323 1541 375 1603 καί
398 1539 541 1625 γαλινοῠ;
582 1539 631 1618 16,
660 1539 680 1602 5
708 1537 778 1603 ἀλλ’
798 1541 870 1625 ημῖν
899 1541 953 1624 μέν
976 1539 1228 1634 δυσδαιμονοόοιν
1252 1538 1327 1601 ἀπό-

151 1669 246 1711 κειται
272 1647 363 1731 λιμὴν
386 1648 535 1712 κακῶνό
560 1648 710 1724 θάνατος,
744 1645 856 1728 16,16
880 1643 1014 1731 Ὅμηρος
1043 1647 1142 1730 οὔριος
1165 1653 1331 1728 ουνεμπνεῖ

153 1765 210 1831 τοῖς
231 1737 367 1840 Ιοἰγιῖιοιν;
399 1751 450 1834 25,
476 1753 517 1816 25
547 1753 601 1817 καί
628 1777 664 1838 γε
692 1755 801 1818 τούτου
826 1753 916 1838 οἰπρίξ
940 1751 1091 1838 ἐχώμεθα
1114 1762 1168 1815 τοῦ
1192 1761 1327 1830 σκοποῦ,

155 1859 265 1928 2610
288 1863 305 1924 ὄ
329 1861 462 1925 Πλάτων
486 1863 624 1925 ἀπὸτοῦ
648 1857 814 1946 Ὁμηρικοῦ
838 1859 940 1924 κείνου
965 1860 1098 1944 νάματος
1122 1858 1230 1943 μυρίας
1254 1861 1328 1933 ὄσας

157 1971 351 2053 παρατροπὰς
370 1969 671 2053 ἀποχετευσσίμενοςς
696 1967 747 2049 26,
764 1967 804 2030 21
830 1969 882 2031 καί
906 1977 949 2052 τῷ
975 1970 1035 2032 ὄντι
1060 1967 1156 2041 καλὸς
1173 1964 1260 2041 οὗτος
1276 1967 1328 2029 καί

165 2075 379 2151 ἀξιονικότατος
402 2074 543 2152 εὐκλείας
566 2073 652 2160 σἰγὼν
678 2077 788 2139 τεκαί
812 2075 972 2159 στέφανος,
1003 2076 1035 2138 ἐν
1059 2072 1083 2159 ᾧ
1107 2076 1160 2138 καί
1180 2077 1215 2137 τό
1238 2074 1329 2158 ἡττᾶ-

170 2182 236 2245 σθαι
257 2193 314 2246 τῶν
338 2182 587 2268 προγενεστέρων
611 2185 668 2246 οὐκ
688 2178 814 2267 ἄδοξον,
839 2181 891 2260 27,
911 2179 952 2244 10
971 2192 1014 2267 τῷ
1033 2185 1093 2267 γὰρ
1116 2185 1177 2247 ὄντι
1198 2181 1276 2267 μέγα
1294 2184 1329 2244 τὸ

168 2288 322 2375 ἀγώνισμα,
344 2301 484 2354 τοιοῦτον
508 2290 716 2354 ὑποτίθεσθαι
740 2300 801 2354 τῶν
826 2289 909 2354 ἰδίων
932 2291 1035 2374 λόγων
1059 2289 1254 2375 δικαστήριον
1277 2290 1329 2352 καί

164 2396 287 2482 θέατρον
317 2400 369 2460 καί
403 2398 435 2462 ἐν
462 2398 653 2482 τηλικούτοις
683 2399 779 2481 ίγρωσι
815 2399 867 2461 καί
897 2407 1013 2482 κριταῖς
1040 2419 1073 2461 τε
1102 2398 1154 2460 καί
1184 2397 1330 2481 μοίρτυσιν

160 2504 277 2589 ὑπέχειν
311 2514 373 2568 τῶν
406 2504 609 2589 γραφομένων
644 2505 792 2585 εὐθύνας;
828 2503 880 2581 31,
912 2502 950 2565 11
989 2503 1013 2588 ᾧ
1048 2507 1083 2567 τό
1117 2506 1330 2589 πραγματικὸν

158 2610 356 2696 ἐγκρὺπτετσιι
380 2612 663 2696 περιλαμπόμενον;
688 2609 740 2688 33,
768 2610 808 2674 13
833 2612 883 2675 διὰ
906 2608 998 2674 ταῦθ’
1018 2610 1087 2695 έξης
1106 2610 1257 2688 κανονίζει
1277 2611 1329 2673 καί

157 2717 190 2780 δι’
215 2718 387 2802 ἀσφαλείας
406 2721 473 2802 ἄγει
492 2719 545 2781 καί
565 2719 713 2803 ὄνόματα;
738 2716 790 2797 44,
808 2717 851 2780 20
875 2728 940 2802 φῶς
959 2721 1018 2802 γὰρ
1037 2727 1081 2803 τῷ
1102 2721 1162 2781 ὄντι
1182 2719 1257 2781 ἴδιον
1276 2727 1329 2780 τοῦ

156 2837 205 2888 νοῦ
236 2829 275 2889 τὰ
305 2826 389 2888 καλὰ
417 2827 566 2909 ὀνόματα,
596 2824 649 2903 61,
676 2825 716 2886 17
749 2823 830 2910 οίμαι
854 2828 907 2902 τὰς
932 2825 1072 2909 μείζονας
1096 2827 1330 2910 ἀρετὰς-τὴν

155 2943 206 2995 τοῦ
235 2932 386 3017 πρωτείου
415 2934 517 3017 ψηφον
542 2933 660 3017 μᾶλλον
688 2934 735 2996 ἀεί
764 2932 932 3018 φέρεσθαι;
968 2930 1020 3010 56,
1043 2930 1085 2993 23
1110 2933 1126 2996 ὄ
1150 2943 1210 3009 πᾶς
1228 2935 1330 3007 αὐτοῖς

155 3041 230 3104 αἰὼν
260 3041 312 3102 καί
344 3039 415 3124 βίος,
445 3044 480 3103 οὐ
512 3041 677 3124 δυνάμενος
705 3043 765 3104 oud
795 3051 848 3103 τοῦ
878 3041 998 3124 φθόνου
1022 3039 1190 3124 παρανοίας
1214 3041 1330 3103 ἁλῶναι

155 3147 257 3231 φέρων
280 3146 424 3210 ἀπέδωκε
454 3150 493 3210 τὰ
520 3147 680 3232 νικητήρια
709 3149 762 3211 καί
786 3150 857 3232 ἄχρι
887 3160 939 3212 νῦν
967 3147 1156 3232 ἀναφαίρετα
1186 3148 1330 3231 φυλάττει

155 3255 209 3317 καί
233 3255 316 3317 ἔοικε
339 3254 492 3339 τηρήσειν,

244 3357 306 3424 ἔστ’
330 3363 367 3425 ἂν
392 3362 473 3447 ὕδωρ
498 3384 531 3426 τε
556 3362 609 3447 ῥέη
633 3364 686 3426 καί
710 3363 836 3446 δένδρεα
860 3364 965 3446 μακρὰ
987 3362 1123 3447 τεθήλη,

245 3465 296 3545 66,
324 3466 364 3529 16
388 3469 407 3553 η
432 3469 622 3554 δημοκρατία
646 3479 707 3534 τῶν
732 3469 875 3554 μεγάλων
899 3470 1007 3554 ἀγαθὴ
1031 3469 1166 3553 τιθηνός.
1207 3467 1259 3547 68,
1287 3465 1327 3528 18

154 3577 193 3637 τὰ
222 3587 412 3660 φρουροῦντα
440 3579 492 3640 τὸν
520 3589 572 3641 νῦν
597 3576 660 3660 βίον
684 3578 736 3640 καί
766 3573 834 3640 κατ’
858 3579 956 3661 ἄκρας
985 3579 1099 3660 ἄγοντα
1122 3577 1174 3639 καί
1200 3574 1331 3659 φέροντα

154 3683 241 3745 ταυτί
269 3683 369 3768 παθη.
417 3681 470 3759 68,
491 3681 511 3744 8
536 3699 603 3761 sqq.
628 3702 748 3764 magna
776 3681 832 3746 illa
861 3688 894 3746 et
922 3680 1145 3764 insignissima
1173 3679 1331 3762 allegoria

154 3785 187 3850 in
219 3785 327 3866 priore
361 3794 456 3868 parte
491 3789 533 3869 (p.
558 3790 591 3874 8)
630 3809 649 3852 a
685 3789 779 3854 nobis
813 3795 1078 3868 commemorata,
1117 3807 1181 3867 qua
1215 3793 1332 3852 auctor

156 3893 301 3958 ostendit
339 3897 499 3974 quomodo
538 3895 702 3976 cupiditas
741 3897 884 3961 habendi
922 3902 955 3960 et
994 3895 1148 3976 voluptas
1191 3894 1330 3959 omnium

157 4000 315 4065 malorum
339 4007 496 4082 parentes
520 4003 680 4084 appellari
704 4003 842 4084 possint.

210 4124 247 4190 Β.
273 4127 453 4206 allegoriae
477 4128 676 4211 quibuscum
703 4130 942 4193 exeusationes
968 4129 1167 4193 coniunctae
1192 4128 1278 4190 suni.

157 4240 173 4293 Ι.
193 4241 342 4308 alloporiaa
366 4245 478 4309 unarum
503 4242 647 4297 excusatio
671 4242 704 4296 ad
730 4243 886 4298 universam
909 4241 1075 4297 sententiam
1096 4241 1244 4296 referenda
1268 4241 1331 4296 ost:

245 4360 273 4405 a.
299 4343 355 4419 ὡς;
386 4341 437 4424 23,
464 4342 504 4405 16
534 4344 575 4420 ὡς
604 4345 706 4429 ψυχὴν
737 4344 904 4429 ἐξαιρησεις
933 4344 1088 4430 σώματος;
1120 4343 1171 4422 26,
1199 4341 1239 4405 13
1268 4345 1331 4406 ἔστι

158 4445 183 4512 δ’
207 4451 242 4512 οὐ
266 4450 368 4534 κλοπὴ·
393 4453 427 4514 τὸ
451 4461 588 4535 πρᾶγμα,
613 4447 682 4514 ἀλλ’
707 4451 748 4527 ὡς
772 4453 833 4514 ἀπὸ
857 4453 963 4516 καλῶν
988 4453 1076 4515 εἰδῶν
1099 4452 1119 4534 ἢ
1142 4450 1332 4535 πλαομοίτων
