3268 5002
668 368 889 431 ..19-

193 589 243 653 ρσς
274 568 311 630 ἂν
341 569 446 650 κριτὴς
476 565 594 650 γένοιτο
625 563 760 650 (ἀνάγκη
784 569 843 652 γὰρ
867 576 910 652 τῷ
935 567 1101 652 δωρσδόκῳ
1126 571 1165 632 τὰ
1188 569 1287 632 οἰκεῖα
1311 569 1365 652 μὲν

192 673 359 759 φαίνεσθαι
390 673 475 736 καλὰ
502 674 554 736 καί
579 669 706 755 δίκαια),
739 675 816 737 ὅπου
841 675 874 738 δὲ
898 690 964 752 eqs
998 673 1057 759 ἄρα
1081 677 1118 760 δὴ
1143 691 1208 753 eqs
1244 673 1297 752 36,
1324 672 1363 736 11

191 775 400 860 parenthesis
416 775 504 842 inter
519 777 746 842 secundariam
763 777 960 843 sententiam
985 778 1160 859 primariae
1183 777 1365 845 inservien-

191 889 256 950 tem
273 889 307 949 et
323 884 428 965 ipsam
445 882 645 964 primariam,
670 903 755 964 quae
778 884 844 951 εἶτα
863 884 1027 966 particula
1043 886 1147 968 primo
1167 885 1270 951 totius
1289 903 1365 970 sen-

190 991 319 1056 tentiae
349 991 421 1055 loco
446 990 555 1076 posita
579 996 810 1074 praeparatur,
842 991 1041 1072 interposito
1065 999 1130 1058 est:
1166 993 1227 1060 εἶθ’
1250 997 1299 1061 ἵνα
1324 999 1364 1080 μὴ

104 1099 106 1104 ’
191 1103 241 1165 ἐπὶ
272 1110 334 1167 τῶν
364 1103 466 1164 αὐτῶν
494 1101 510 1163 ὁ
539 1101 631 1185 λόγος
659 1102 712 1166 ἰὼν
737 1111 793 1186 στῇ
819 1099 863 1186 (ἐν
890 1102 995 1166 στάσει
1018 1105 1077 1187 γὰρ
1101 1106 1136 1167 τὸ
1159 1105 1300 1188 ἠρεμοῦν,
1333 1103 1365 1168 ἐν

194 1207 303 1292 ἀταξίᾳ
332 1209 423 1272 δὲτὸ
453 1208 567 1288 πάθος,
599 1209 664 1272 ἐπεὶ
694 1212 775 1294 φορὰ
802 1210 854 1272 καὶ
885 1207 1042 1296 σύγκρισίς
1070 1206 1164 1292 ἐστιν)
1192 1210 1288 1286 εὐθὺς
1317 1206 1365 1274 ἐπ’

110 1300 112 1304 ’
195 1314 276 1377 ἄλλα
295 1317 381 1392 eqs
412 1312 465 1394 38,
492 1313 510 1374 7
542 1313 750 1392 parenthesis
775 1312 924 1394 sequitur
948 1327 1043 1400 φῆσαι
1067 1313 1272 1396 infinitivum,
1298 1313 1363 1396 qui,

90 1472 94 1480 .
195 1437 235 1482 ex
264 1425 322 1506 πρὸ
351 1418 597 1500 praepositione
625 1421 772 1500 pendens
800 1429 834 1484 et
863 1438 934 1485 cum
966 1419 1031 1484 alia
1064 1419 1292 1486 enuntiatione
1321 1426 1398 1530 ὅτιι

194 1524 358 1607 particula
381 1526 525 1608 iunctus
556 1526 771 1591 secundariae
802 1526 989 1592 sententiae
1019 1527 1209 1608 temporalis
1232 1547 1365 1592 munere

192 1632 352 1716 fungitur,
383 1652 455 1698 cum
482 1626 835 1714 ipsam'parenthesim
857 1615 1042 1699 enuntiatio
1067 1633 1223 1715 primaria
1247 1653 1364 1715 sequa-

191 1744 262 1806 tur:
299 1746 358 1828 πρὸ
386 1746 446 1828 γὰρ
475 1753 528 1807 τοῦ
558 1753 653 1827 φῆσαι
682 1745 726 1828 ὅτι
750 1745 861 1820 αὐτοὺς
884 1745 932 1807 δεῖ
952 1753 1054 1808 πονεῖν
1079 1740 1181 1826 (τοῦτο
1205 1744 1264 1828 γάρ
1284 1745 1365 1810 ἐστιν

192 1847 491 1934 ὃπαρακελεύετατ)
521 1850 706 1934 ἔμπροσθεν.
727 1849 895 1914 ἀποδίδωσι
920 1866 985 1927 eqs
1031 1846 1238 1912 Contrariam
1261 1847 1363 1912 ratio-

192 1974 266 2019 nem
299 1956 394 2036 17,1
427 1960 460 2018 et
484 1955 536 2036 21,
562 1954 582 2017 6
607 1953 841 2037 cognoscimus
898 1955 980 2018 Nam
1012 1952 1168 2034 primaria
1198 1954 1365 2020 sententia

194 2060 371 2141 antecedit,
397 2060 600 2145 secundaria,
624 2062 676 2125 cui
700 2060 745 2125 ihi
769 2066 823 2144 ὅτι,
848 2059 900 2124 hic
922 2064 972 2126 ἵνα
996 2059 1160 2141 particula
1184 2061 1365 2142 praemissa

153 2175 157 2180 ’
197 2170 257 2243 est,
283 2167 438 2248 sequitur.
483 2169 578 2238 Inter
606 2187 663 2233 eas
687 2173 796 2232 autem
821 2167 1004 2233 sententias
1029 2168 1237 2248 parenthesis
1260 2168 1364 2235 inter-

195 2273 303 2354 posita
327 2279 393 2340 est:
432 2278 482 2359 17,
510 2279 526 2340 1
552 2277 685 2343 δείκνυσι
710 2274 736 2340 δ’
760 2280 842 2361 ὅμως
865 2279 916 2341 διὰ
939 2288 992 2362 τῆς
1015 2275 1193 2355 Ὀδυσσείας
1217 2275 1282 2362 (καὶ
1306 2283 1366 2363 γὰρ

193 2393 289 2448 ταῦτα
312 2386 438 2451 architria
449 2387 547 2451 Ιἕνεκα
562 2381 885 2469 προσεπτθεωρητὲσν)
910 2388 955 2448 ὅτι
975 2401 1040 2463 eqs
1080 2383 1131 2464 21,
1150 2384 1169 2446 6
1191 2389 1254 2470 ἅμα
1271 2386 1365 2471 ψύχε-

191 2513 240 2555 ται
259 2491 368 2576 αᾴεται
384 2493 543 2577 ἀλσγιστεῖ
557 2501 664 2577 φρονεῖ
678 2492 709 2574 (ἢ
724 2494 783 2575 γὰρ
801 2491 938 2576 φοβεῖται
954 2493 974 2576 ἢ
991 2489 1062 2575 παρ’
1079 2492 1182 2576 ὀλίγον
1198 2491 1364 2577 τέθνηκεν)

189 2600 303 2683 ἵναμὴ
328 2615 394 2677 eqS.

281 2703 430 2784 Denique
460 2703 489 2768 si
517 2703 550 2768 in
577 2703 642 2767 fine
669 2702 766 2768 hruus
790 2704 830 2768 de
853 2701 1106 2784 parenthesibus
1130 2701 1364 2784 disputationis

192 2809 225 2873 in
255 2809 336 2876 illud
365 2809 557 2889 inquirimus
589 2810 748 2890 quomodo
779 2810 922 2890 scriptor
951 2809 1096 2891 ipserum
1120 2810 1365 2891 parenthesium

193 2916 377 2983 sententias
394 2917 622 2998 composuerit,
640 2917 814 2982 duodecies
831 2917 1008 2998 simplicem
1024 2917 1221 2983 sententiam
1236 2916 1364 2984 iuveni-

192 3042 263 3087 mus
287 3021 353 3108 (15,
379 3025 415 3105 93
447 3026 498 3106 16,
525 3024 582 3105 11;
613 3024 664 3103 17,
692 3024 809 3105 1;’23,
836 3025 894 3104 11;
924 3024 976 3103 25,
1003 3025 1061 3105 10;
1086 3025 1138 3106 35,
1166 3026 1223 3106 19;
1248 3025 1300 3105 38,
1327 3027 1363 3105 7;

193 3130 245 3208 54,
270 3131 304 3211 9,
339 3132 474 3213 54,14;
508 3133 560 3210 57,
587 3132 621 3212 8;
656 3132 708 3211 57,
736 3131 791 3211 10;
826 3132 878 3207 66,
904 3131 946 3216 6).
992 3130 1097 3196 Binae
1121 3131 1307 3196 sententiae
1330 3131 1364 3196 in

193 3236 341 3320 singulas
361 3242 553 3303 contractae
573 3244 652 3304 sunt
674 3239 727 3319 43,
746 3241 787 3304 22
812 3243 846 3303 et
870 3239 922 3315 23,
941 3239 990 3302 18.
1028 3237 1270 3304 Disiunctivam
1290 3258 1363 3303 sen-

192 3343 330 3410 tentiam
355 3346 407 3424 21,
431 3347 451 3409 6
475 3345 645 3411 cernimus.
692 3346 817 3410 Poetae
840 3347 942 3412 verba
962 3349 1053 3433 φησὶν
1076 3344 1236 3410 vocabulo
1260 3344 1364 3410 inter-

192 3451 300 3532 posito
324 3452 516 3532 parenthesi
531 3455 584 3534 29,
607 3454 648 3516 18
673 3451 877 3518 exhibentur.
915 3451 1136 3517 Accusativus
1160 3470 1233 3516 cum
1255 3451 1364 3516 infini-

192 3558 261 3624 tivo
285 3559 342 3638 qui
364 3577 405 3623 ex
428 3562 550 3646 ἀνάγκη
567 3559 727 3626 vocabulo
744 3560 866 3640 pendet
883 3559 935 3638 69,
953 3561 973 3625 6
998 3561 1117 3623 exstat.
1156 3559 1267 3639 Atque
1291 3577 1364 3624 cum

193 3667 245 3747 24,
264 3667 304 3730 21
323 3669 356 3730 et
372 3666 424 3746 36,
444 3666 483 3729 11
509 3665 685 3747 primariae
709 3670 741 3729 et
765 3664 981 3730 secundariae
998 3664 1183 3730 sententiae
1198 3666 1362 3748 legantur,

193 3776 309 3838 auctor
333 3773 386 3854 36,
413 3774 452 3837 11
484 3773 517 3836 in
549 3772 705 3853 primaria
735 3772 902 3838 sententia
932 3771 1031 3836 etiam
1059 3770 1234 3836 antithesis
1258 3772 1364 3855 figura

192 3899 271 3945 usus
304 3884 364 3945 est.
421 3880 543 3944 Restat
567 3881 618 3961 37,
646 3879 685 3942 11
716 3877 771 3943 uhi
801 3879 883 3944 duas
917 3877 1162 3943 enuntiationes
1190 3878 1364 3964 primarias

192 3985 365 4068 cernimus,
390 4005 529 4066 quarum
547 3988 590 4051 ab
614 3986 721 4050 altera
746 3985 844 4050 etiam
861 3984 1057 4050 secundaria
1072 3986 1202 4066 pendet.
1241 3985 1312 4050 Iam
1336 3985 1364 4051 si

191 4093 383 4174 respicimus
412 4094 454 4158 ad
482 4112 521 4158 ea
545 4111 630 4173 quae
653 4093 693 4158 de
717 4091 970 4175 parenthesibus
994 4091 1141 4174 diximus,
1167 4091 1364 4158 varietatem

191 4199 436 4282 parenthesium
459 4219 583 4283 negare
606 4219 671 4264 non
696 4219 876 4280 possumus.

280 4307 445 4390 Asyndeti
480 4307 605 4390 figurae
642 4327 739 4386 qnam
773 4305 875 4387 primo
906 4306 977 4371 loco
1009 4305 1221 4387 contemplati
1252 4309 1363 4371 sumus

191 4414 499 4497 polysyndeton,
520 4433 592 4478 cnm
611 4413 645 4479 in
665 4413 839 4480 sententiis
858 4412 949 4477 firme
969 4412 1204 4496 coniungendis
1220 4412 1363 4494 positum

1170 4535 1202 4587 2*
